1808 2965
887 251 936 288 26

215 352 276 391 zd.
295 351 387 403 fra,
404 352 484 402 frti
511 363 568 401 gr.
588 351 672 403 πρὸ
700 353 769 392 lat.
793 365 871 404 pro
900 353 1076 392 slav.-lit.
1099 366 1188 403 pra,
1219 353 1327 393 etad
1345 353 1479 403 indog.
1499 353 1605 406 *pra

214 412 364 461 relatis,
392 412 442 452 de
460 412 611 451 vocalis
628 412 912 463 anticipatione
931 412 1125 462 cogitasse
1143 412 1309 453 videtur.
1355 412 1603 463 Quamquam

216 472 320 512 enim
356 471 463 511 haud
500 471 619 512 dubie
654 473 877 523 linguarum
912 476 1166 522 cognatarum
1202 472 1352 513 formae
1387 471 1440 512 ad
1466 472 1602 524 indog.

216 531 240 555 *
244 545 321 583 pra
363 531 548 582 redeant,
592 537 672 583 got.
696 532 820 583 saur,
850 532 982 583 faura
1010 537 1081 572 cet.
1111 545 1198 572 cum
1227 545 1299 573 scr.
1322 546 1484 584 pur-tw,
1511 535 1606 584 pm·-

216 605 277 630 va-
288 592 346 641 ³⁰),
375 592 488 632 zend.
515 606 708 644 paourva-
736 594 822 633 sim.
852 592 1091 633 conferenda
1125 597 1233 642 sunt,
1271 605 1373 643 quae
1408 593 1556 634 formae
1584 605 1606 635 e

216 652 338 702 stirpe
375 665 493 702 para·
529 653 571 691 in
614 665 686 693 scr.
729 653 875 703 superl.
918 665 1113 703 para-ma—
1160 657 1318 692 servata
1362 653 1605 703 prodierunt.

214 712 352 762 Itaque
380 723 432 752 ne
466 712 508 751 in
545 725 681 753 saxon.
707 712 849 762 forma
885 712 1044 762 quidem
1085 724 1159 752 nec
1197 712 1238 751 in
1279 711 1418 752 lituan.
1457 714 1606 764 pir-mas

214 773 395 811 vocalem
438 772 693 823 anticipatam
734 784 821 812 esse
866 772 1026 812 credere
1070 772 1181 821 licet,
1228 773 1269 811 in
1315 772 1456 822 quibus
1500 774 1606 824 prior

215 833 365 872 vocalis
392 831 557 882 perinde
584 836 703 882 atque
729 832 771 871 in
794 836 873 882 got.
889 831 1045 881 fruma,
1074 843 1131 881 gr.
1160 829 1323 881 πρόμος
1352 835 1403 879 (v.
1423 832 1605 872 Fickium

215 892 241 930 l.
294 892 336 939 l.)
383 892 509 930 altera
561 903 633 942 per
691 903 893 942 syncopen
952 892 1161 941 absumpta
1215 896 1274 930 est
1289 892 1341 936 ³¹).
1423 892 1604 932 Eandem

214 951 407 991 rationem
443 951 544 991 inter
580 953 717 991 lituan.
748 964 885 1002 praep.
910 953 1014 1002 pv’rm
1043 956 1082 991 61
1108 956 1187 1002 got.
1212 951 1330 1002 fram
1357 952 1602 993 intercedere

214 1011 470 1051 statuendum
511 1013 595 1052 erit.
624 1033 674 1039 ——
703 1012 817 1059 Quod
857 1024 951 1052 vero
991 1011 1164 1061 francog.
1199 1024 1320 1062 pour,
1367 1012 1492 1051 umbr.
1529 1025 1606 1064 per

216 1071 251 1119 (‘?
270 1094 321 1099 —
343 1085 379 1111 v.
402 1071 505 1111 Ourt.
527 1073 553 1112 l.
573 1073 614 1117 l.)
644 1085 666 1112 e
692 1073 760 1111 lat.
784 1085 862 1123 pro
890 1072 1019 1111 vocali
1054 1072 1281 1122 praeposita
1316 1076 1417 1112 orta'
1436 1077 1527 1112 sunt
1553 1095 1605 1101 —-

215 1133 403 1182 primum,
445 1132 521 1171 nisi
556 1132 691 1180 fallor,
734 1131 775 1170 in
810 1132 1055 1183 compositis,
1092 1132 1325 1182 poursuivre
1353 1144 1375 1171 e
1403 1134 1601 1184 prosequi,

215 1193 340 1232 umbr.
365 1204 486 1243 perne
515 1204 537 1232 e
560 1204 686 1243 prone
715 1191 764 1238 (‘?)
783 1214 835 1219 —
854 1192 907 1231 ad
934 1191 1045 1231 illam
1073 1192 1343 1241 quaestionem
1366 1191 1465 1231 nihil
1484 1193 1603 1243 valet,

215 1252 401 1302 quoniam
430 1253 470 1291 in
499 1252 561 1291 his
588 1251 834 1302 potissimum
863 1251 980 1291 rebus
1007 1263 1163 1302 semper
1189 1252 1332 1291 acriter
1364 1251 1606 1303 distinguen-

216 1312 308 1351 dum
339 1318 398 1352 est
424 1313 526 1351 inter
554 1324 613 1360 ea,
643 1323 745 1361 quae
771 1312 989 1351 recentiore
1017 1316 1194 1362 tempore
1222 1317 1261 1351 et
1290 1324 1348 1362 ea,
1379 1324 1480 1362 quae
1507 1313 1606 1352 anti-

216 1372 303 1422 quis
331 1371 575 1421 temporibus
603 1370 685 1410 fieri
713 1371 922 1421 potuerint.

321 1432 445 1470 Multo
473 1436 604 1470 autem
633 1430 829 1470 difficilius
858 1435 918 1470 est
946 1431 1168 1479 decernere,
1201 1434 1330 1469 utrum
1358 1432 1426 1470 lat.
1455 1433 1602 1476 tertius,

214 1492 313 1531 aeol.
344 1494 506 1542 τέρτος,
543 1490 693 1530 boruss.
731 1491 853 1534 tir-tis,
898 1502 970 1529 scr.
999 1489 1131 1541 trtzjus
1166 1501 1252 1528 cum
1279 1490 1340 1529 zd.
1370 1490 1517 1542 thrz'tyo
1545 1503 1602 1542 gr.

215 1555 374 1603 τρίτος,
415 1551 473 1589 111.
503 1551 653 1588 tre'czas
688 1556 766 1601 got.
797 1550 945 1601 tkridja
972 1550 1024 1589 ad
1051 1550 1184 1600 indog.
1214 1551 1351 1588 *tri-ta
1379 1551 1604 1592 revocanda

216 1612 307 1661 sint,
335 1624 387 1649 an
415 1610 581 1650 fortasse
609 1611 725 1650 aliter
751 1610 1002 1650 statuendum
1030 1610 1222 1649 videatur.
1278 1610 1467 1658 Quamvis
1500 1612 1604 1651 enim

216 1670 477 1710 concedamus
513 1673 656 1721 τέρτος
685 1683 706 1710 6
734 1674 872 1722 τρίτος
909 1670 1047 1710 eodem
1080 1670 1196 1709 modo
1226 1683 1300 1720 quo
1328 1673 1552 1722 Πέρραμος
1581 1683 1602 1711 6

300 1813 340 1847 30)
365 1811 499 1844 Curtius
522 1811 653 1852 quidem
678 1812 805 1854 petroa-
829 1820 846 1843 e
863 1821 989 1853 pra-va
1024 1814 1132 1843 ortum
1165 1814 1262 1852 putat
1284 1821 1315 1852 p.
1342 1814 1412 1844 267.
1459 1812 1525 1845 Sed
1554 1816 1602 1845 et-

215 1862 312 1894 iamsi
324 1861 570 1893 concedendum
583 1861 626 1893 sit
639 1860 803 1893 interdum
816 1861 850 1892 in
866 1861 978 1901 lingua
993 1870 1118 1892 sanscr.
1136 1861 1284 1893 vocalem
1298 1870 1372 1893 esse
1387 1862 1603 1904 anticipatam

215 1928 255 1934 -
279 1920 478 1951 quamquam
501 1919 559 1950 ego
583 1910 709 1941 nullum
732 1911 917 1951 exemplum
939 1909 1084 1951 reperire
1105 1909 1200 1950 potui
1213 1927 1263 1949 -,
1286 1910 1377 1942 nullo
1399 1911 1496 1943 modo
1518 1911 1552 1944 id
1567 1912 1603 1944 in

210 1970 337 2004 pur-as
361 1959 442 1999 sim„
472 1959 506 1990 in
529 1959 648 2001 quibus
671 1958 795 1992 vocalis
818 1958 905 1997 (suff.
923 1963 973 1995 as)
997 1959 1214 2001 sequebatur,
1246 1962 1393 1993 statuere
1415 1960 1538 1994 licebit.
1562 1980 1603 1985 -—

216 2011 370 2043 Ceterum
393 2009 501 2050 indog.
524 2019 637 2051 praep.
663 2011 755 2051 *pra
779 2019 818 2041 ex
841 2009 953 2041 eadem
976 2010 1032 2041 illa
1055 2009 1156 2050 stirpe
1175 2020 1278 2051 para·
1302 2009 1443 2042 formata
1465 2014 1546 2051 erat,
1569 2021 1597 2043 v.

214 2062 320 2101 Bopp.
345 2060 428 2099 ‘VgL
451 2059 596 2099 gramm!
618 2059 698 2098 111³,
722 2061 794 2090 500.

300 2110 340 2145 ³¹)
363 2108 439 2141 Non
463 2112 553 2140 recte
575 2108 713 2140 Fickius
734 2111 868 2150 praeter
889 2107 997 2148 indog.
1021 2107 1142 2149 superl.
1173 2111 1354 2150 *parama-
1375 2108 1474 2140 etiam
1496 2110 1601 2153 *pra-

215 2170 281 2192 ma—
313 2159 479 2191 exstitisse
510 2159 638 2191 statuit.
682 2158 752 2190 Nee
776 2163 866 2190 recte
897 2158 951 2189 lat.
972 2157 1104 2199 primus
1126 2157 1190 2189 huc
1213 2157 1387 2190 revocavit.
1416 2158 1502 2191 Nam
1525 2169 1601 2192 cum

215 2209 304 2249 apud
328 2208 589 2240 Graecoitalicos
612 2207 754 2248 pristina
777 2206 971 2249 superlativi
992 2206 1099 2239 forma
1121 2206 1302 2239 interiisset
1330 2226 1371 2229 —
1399 2218 1447 2248 gr.
1470 2207 1601 2250 πρόμος

213 2257 413 2299 peculiarem
443 2257 609 2299 quandam
639 2256 806 2288 notionem
836 2255 955 2288 ascivit
976 2274 1016 2279 -
1040 2255 1147 2288 denuo
1181 2256 1398 2297 superlativus
1432 2267 1450 2290 e
1484 2266 1597 2300 praep.

210 2318 277 2350 pro
300 2307 460 2341 formatus
485 2312 550 2346 est,
588 2306 676 2349 apud
700 2306 847 2339 Graecos
881 2308 1033 2348 πρῶτος,
1069 2305 1157 2347 apud
1181 2305 1348 2340 Romanos
1375 2307 1510 2350 primus
1538 2316 1598 2349 pro

215 2358 404 2400 *prei-mus
427 2361 487 2389 cet.
512 2357 561 2389 Cf.
587 2358 786 2389 Gorssenum
808 2357 848 2388 A.
873 2357 898 2394 Ι,
924 2359 1001 2394 780,
1026 2356 1083 2387 ubi
1104 2359 1215 2388 tamen
1237 2355 1378 2389 fortasse
1400 2367 1467 2390 non
1489 2356 1598 2389 omnia

214 2412 304 2440 recte
327 2406 499 2447 disputata
518 2412 603 2440 sunt.
618 2426 655 2429 —
670 2406 790 2439 Varias
812 2407 998 2447 linguarum
1021 2415 1163 2446 german.
1178 2405 1298 2439 formas
1316 2406 1471 2438 collectas
1494 2405 1597 2439 habes

214 2466 264 2497 ap.
289 2456 506 2488 Diefenbach.
532 2460 608 2497 ‘got
632 2457 720 2489 wtb.'
743 2457 768 2495 Ι,
794 2459 871 2495 3533
896 2455 936 2487 ef.
961 2455 1093 2487 Grimm.
1117 2465 1164 2495 gr.
1190 2455 1246 2496 ΠΙ,
1271 2459 1331 2489 626
1355 2466 1424 2497 sqq.
