1808 2965
899 215 947 250 44

226 314 382 355 collatis
417 314 486 354 lat.
523 328 649 366 porro
660 316 699 363 ⁵³)
737 320 775 355 et
809 320 887 366 got.
913 315 1055 367 fairra
1083 316 1216 367 colligi
1250 320 1400 368 potest,
1440 328 1541 366 quae
1567 320 1613 360 L.

224 374 362 425 Meyer
401 374 510 413 ‘Got.
551 377 642 425 spr.'
678 389 716 426 p.
747 377 821 415 288
865 376 918 416 ad
954 375 1120 416 eandem
1155 376 1319 416 formam
1355 375 1614 426 principalem

225 433 354 473 redire
388 434 608 485 suspicatus
644 440 715 475 est.
770 436 902 475 Radix
943 436 1006 476 his
1046 436 1221 476 subiecta
1261 440 1321 476 est
1356 448 1453 487 par,
1496 447 1614 485 quam

225 493 433 543 aliquoties
468 494 548 533 iam
584 497 994 546 commemoravimus,
1036 500 1079 535 ut
1112 500 1282 546 cognata
1316 494 1505 535 habenda
1536 495 1617 535 sint

225 564 297 592 scr.
314 566 467 604 para—s,
488 553 580 593 adv.
594 567 755 602 para-m
769 557 984 605 =ultra,
1014 554 1215 605 deinde,
1243 568 1300 605 gr.
1317 559 1484 606 πέρ-αν,
1504 554 1615 607 πάρ-

225 627 270 658 ος
299 618 372 652 cet.
441 614 502 652 Ex
530 615 602 653 illa
629 627 722 654 vero
750 616 917 655 fortasse
943 614 1216 665 antiquissimo
1244 619 1421 664 tempore
1449 616 1612 666 stirpem

223 670 410 723 *par-as,
453 686 500 713 ac
529 674 675 715 deinde
703 678 913 726 *par-asa,
956 676 1035 715 abl.
1073 674 1262 725 *par-assit
1287 674 1496 714 formatum
1524 687 1612 716 esse

223 732 403 773 conicere
430 733 539 782 licet;
569 735 660 774 hinc
687 739 817 774 autem
845 747 1020 786 syncope
1048 736 1214 785 *paruit
1241 734 1303 773 (cf.
1333 746 1406 773 scr.
1432 734 1613 773 cimba-m

223 804 279 842 gr.
300 792 429 845 κόρση
461 804 512 832 ex
532 796 644 844 qiras,
674 798 840 845 καρ-ας)
868 794 1027 845 prodire
1054 793 1192 845 potuit,
1222 805 1243 832 e
1271 805 1347 843 quo
1374 796 1452 843 got.
1470 792 1613 843 sair-ra

222 853 407 902 graecoit.
449 851 598 902 *porso
642 854 768 901 (Fick.
810 867 848 904 p.
887 856 977 896 468)
1018 854 1134 893 facile
1175 853 1435 904 explicantur.
1464 876 1515 881 —
1543 853 1611 893 Gr.

222 911 397 962 πρόσσω
431 912 553 952 multo
590 913 784 953 recentior
817 913 973 953 videtur
1004 913 1131 952 forma
1166 924 1270 961 esse,
1313 925 1335 953 e
1362 925 1498 964 praep.
1527 912 1611 964 πρό

222 971 362 1010 suffixo
391 973 456 1022 vjo
487 971 615 1022 ducta,
645 978 687 1011 ut
716 973 871 1013 Curtius
898 988 935 1024 p.
965 976 1040 1012 267
1068 973 1172 1011 bene
1200 973 1354 1022 statuit,
1385 973 1449 1022 qui
1477 977 1612 1012 tamen

222 1031 353 1071 minus
382 1036 487 1072 recte
523 1030 670 1083 πόρσω
709 1032 848 1073 eodem
886 1033 1150 1077 revocavit⁵⁵).
1205 1033 1289 1071 Iam
1329 1045 1416 1072 cum
1455 1033 1610 1083 aliquis,

222 1092 288 1141 qui
317 1092 416 1131 haec
444 1092 646 1142 concedat,
672 1092 823 1143 πρόσω
851 1093 904 1132 ad
932 1094 1058 1133 solam
1086 1091 1260 1142 πρόσσω
1289 1092 1454 1131 formam
1482 1092 1612 1133 redire

220 1152 437 1202 putaverit,
482 1156 615 1192 tamen
644 1175 694 1179 ——
722 1153 951 1203 metathesi,
988 1157 1031 1191 ut
1059 1152 1139 1191 dixi
1169 1174 1219 1179 —-
1248 1153 1365 1192 etiam
1393 1151 1539 1204 πόρσω
1568 1153 1609 1192 in

220 1210 368 1261 πρόσω
397 1211 602 1251 transiisse
630 1217 676 1251 e'o
709 1212 922 1252 verisimile
957 1212 1017 1261 fit,
1060 1212 1164 1262 quod
1198 1211 1344 1263 πόρσω
1383 1211 1532 1251 tamdiu
1568 1213 1611 1251 in

218 1270 418 1321 loquendo
464 1275 621 1321 praeter
667 1271 812 1323 πόρρω
858 1272 1079 1311 adhibitum
1109 1276 1194 1312 est.
1250 1271 1365 1320 Quod
1412 1272 1609 1312 diversam

219 1331 376 1370 illarum
413 1332 625 1370 formarum
662 1332 852 1382 originem
887 1332 928 1370 in
956 1333 1187 1382 scriptorum
1217 1345 1289 1372 usu
1316 1333 1395 1371 iam
1423 1344 1611 1383 recogno-

220 1403 329 1431 scere
357 1404 437 1430 non
465 1404 683 1441 possumus,
713 1405 792 1431 non
820 1392 959 1430 mirum
988 1397 1057 1437 est,
1087 1405 1172 1431 cum
1202 1405 1250 1432 ea
1276 1396 1436 1442 propter
1462 1392 1610 1442 figurae

219 1455 258 1490 et
272 1450 445 1490 notionis
459 1451 756 1491 similitudinem
777 1452 896 1492 facile
914 1452 1016 1491 inter
1035 1464 1078 1492 se
1097 1453 1326 1491 commutari
1344 1453 1544 1503 potuerint
1553 1452 1607 1498 ³⁵).

323 1512 385 1549 39.
416 1509 633 1560 ἔ-βραχ-ον
660 1512 919 1561 probabiliter
945 1512 997 1550 ad
1020 1512 1103 1550 rad.
1125 1511 1275 1560 *bar-912
1295 1511 1472 1559 refertur,
1501 1511 1608 1559 unde

220 1580 293 1608 scr.
322 1568 429 1612 harh,
461 1570 566 1619 quod
594 1570 644 1610 de
672 1571 895 1622 elephantis
915 1571 1067 1621 dicitur,
1097 1570 1313 1611 descendit.
1360 1570 1407 1609 V.
1427 1570 1608 1610 Fickium

216 1642 256 1679 p.
290 1631 381 1678 132,
422 1630 489 1668 ubi
525 1631 654 1670 minus
689 1635 795 1670 recte
829 1631 945 1670 etiam
983 1631 1063 1669 alia
1098 1631 1293 1670 vocabula
1321 1643 1342 1670 e
1369 1631 1514 1680 linguis
1550 1643 1611 1670 co-

217 1689 347 1739 gnatis
376 1690 522 1729 collata
550 1695 652 1729 sunt.

322 1753 383 1789 40.
412 1753 574 1802 βρέφος
593 1770 645 1781 =
664 1762 737 1791 scr.
755 1750 951 1801 ‘qm-mmai,
982 1751 1094 1790 zend.
1117 1763 1280 1801 yar-ema,
1310 1751 1459 1791 sloven.
1490 1751 1608 1799 zrebe

219 1809 338 1848 (Curt.
367 1823 406 1860 p.
436 1813 527 1855 436)
557 1823 606 1850 ex
634 1811 766 1861 indog.
795 1809 995 1860 *yarbha-
1021 1811 1078 1850 ita
1105 1815 1241 1850 natum
1270 1814 1341 1861 est,
1369 1815 1412 1850 ut
1438 1811 1605 1862 primum

217 1868 410 1922 *βέρφος
440 1871 707 1920 (labialismo),
739 1871 883 1910 deinde
910 1873 1071 1922 βρέφος
1099 1870 1221 1910 fieret.

302 1984 341 2015 ⁵³»
363 1982 495 2015 Pottius
518 1982 558 2014 Ι2
582 1985 659 2020 272,
684 1992 758 2015 cum
780 1991 953 2023 perperam
976 1981 1094 2023 πρόσω
1119 1983 1217 2018 (unde
1239 1982 1359 2023 πόρσω
1383 1983 1489 2016 vocali
1510 1991 1608 2025 prae-

217 2033 326 2074 posita
348 2037 457 2064 ortum
480 2032 633 2073 putabat)
655 2032 697 2063 ad
720 2031 807 2072 πρός
836 2034 1023 2069 revocaret,
1056 2032 1221 2063 adductus
1252 2036 1320 2071 est,
1356 2036 1393 2063 ut
1422 2032 1479 2063 lat.
1496 2041 1606 2074 porro

217 2084 407 2123 segregaret
428 2084 528 2122 atque
551 2092 611 2122 pro
644 2083 801 2123 *pro-cro
836 2090 909 2113 esse
943 2083 1121 2119 statueret,
1158 2081 1245 2121 quod
1278 2081 1367 2113 nullo
1400 2081 1496 2114 modo
1530 2091 1608 2123 pro-

241 2131 289 2162 ar'
338 2134 434 2163 otest.
1026 2157 1028 2160 .

217 2132 238 2163 b
280 2141 341 2216 Ιῦξ))
365 2180 450 2212 Tum
462 2180 557 2219 enim,
577 2180 641 2212 nisi
665 2179 772 2218 fallor,
795 2180 851 2211 lat.
873 2189 979 2221 porro
1003 2178 1240 2219 segregandum
1252 2182 1349 2218 esset,
1373 2179 1459 2211 sicut
1469 2178 1602 2212 Pottius

217 2229 312 2264 fecit:
336 2239 442 2270 neque
465 2229 589 2262 vocalis
613 2229 805 2271 anticipatio
828 2229 862 2261 in
886 2229 948 2261 hac
972 2237 1052 2260 voce
1073 2228 1152 2260 mihi
1174 2228 1344 2270 probatur.

302 2280 342 2314 ⁵⁵)
364 2279 551 2312 Passowius
563 2279 597 2311 in
609 2279 670 2311 lex.
684 2283 795 2312 monet
806 2280 838 2311 in
861 2279 1014 2318 πρόσσω,
1039 2277 1155 2318 πρόσω
1179 2278 1346 2311 notionem
1370 2276 1605 2325 ‘vorwarts'‚

215 2329 247 2360 in
271 2328 410 2369 πόρσω,
435 2328 552 2370 πόρρω
574 2335 641 2361 not.
668 2330 784 2365 ‘weit,
815 2329 916 2361 fern’
940 2329 1137 2369 praevalere.
1183 2328 1246 2360 Sed
1268 2338 1335 2361 non
1357 2329 1464 2361 solum
1486 2327 1604 2368 πρόσω

215 2380 347 2420 saepius
358 2388 420 2420 pro
434 2377 549 2419 πόρσω
563 2379 780 2411 dicitur—id
803 2378 890 2420 quod
912 2378 1008 2410 nobis
1031 2388 1071 2410 ex
1094 2378 1216 2419 origine
1237 2378 1323 2411 illius
1346 2377 1472 2410 formae
1482 2376 1603 2418 proba-

215 2432 319 2460 tur—
335 2427 393 2461 sed
417 2427 514 2460 etiam
537 2427 653 2469 πόρρω
678 2438 782 2470 paene
806 2428 920 2461 eodem
943 2428 1041 2461 modo
1064 2438 1104 2460 ac
1126 2427 1265 2469 πρόσσω
1289 2428 1412 2461 dictum
1430 2425 1603 2460 invenitur.
