1808 2965
900 277 921 313 7

224 379 329 429 quod
356 384 544 430 quantum
574 379 627 418 ad
661 378 904 429 propositum
939 382 1113 417 nostrum
1154 376 1445 428 assequendum
1486 378 1604 416 colla-

221 442 351 478 turum
377 439 439 487 sit,
467 442 588 488 patet.

327 498 526 548 Deinceps
553 501 696 547 autem,
729 501 771 537 ut
796 498 1024 538 metathesis
1051 497 1181 537 ratio
1209 496 1367 548 penitus
1395 508 1605 546 cognosca-

223 562 296 608 tur,
325 569 481 608 semper
498 557 538 597 id
558 557 859 609 diligentissime
878 557 1163 609 explorandum
1183 561 1254 607 est,
1283 569 1368 597 cum
1388 557 1605 596 litterarum

225 618 321 658 ordo
348 618 389 657 in
416 618 549 668 aliquo
576 618 769 659 vocabulo
795 623 966 658 mutatus
993 618 1148 658 videtur
1176 630 1280 667 esse,
1313 622 1423 657 utra
1449 617 1605 657 forma

224 677 544 729 primigenia,
590 682 703 718 utra
747 678 1018 718 metathesi
1062 678 1249 718 affecta
1293 677 1368 717 sit.
1424 678 1484 717 De
1529 677 1605 717 hac

224 737 380 787 quidem
407 749 449 778 re
476 750 603 788 pauca
627 738 815 778 addenda
840 743 942 778 sunt.
964 732 966 734 ’

330 796 427 836 Cum
454 797 559 837 enim
585 809 657 848 per
683 809 732 843 se*
751 802 960 849 appareat,
993 798 1026 837 si
1055 798 1176 849 ξίφος
1205 809 1226 837 e
1255 799 1425 848 σκίφος,
1454 795 1604 847 κραδία

226 867 248 896 e
271 855 421 907 καρδία
449 856 606 908 prodiit,
634 857 687 897 ad
712 858 941 898 metathesis
967 857 1159 896 rationem
1188 855 1503 906 cognoscendam
1530 856 1605 896 hoc

224 928 304 955 non
343 916 448 956 idem
487 916 620 956 valere
660 929 706 956 ac
740 918 773 956 si
809 920 960 969 σκίφος
988 928 1010 955 e
1038 917 1179 967 ξίφος,
1223 915 1373 966 καρδία
1403 928 1425 955 e
1453 915 1603 966 κραδία

224 974 454 1026 prodiisset,
482 976 623 1016 mirum
650 981 709 1016 est
736 989 816 1016 non
844 976 970 1016 solum
997 975 1259 1024 Lobeckium,
1289 977 1360 1015 sed
1387 976 1487 1015 alios
1513 987 1605 1026 quo-

226 1035 335 1085 que⁸)
380 1035 555 1075 animum
598 1048 678 1075 non
723 1036 849 1087 magis
894 1048 940 1076 eo
986 1035 1222 1085 attendisse,
1269 1040 1311 1074 ut
1354 1035 1396 1074 in
1441 1036 1605 1086 singulis

226 1096 436 1145 exemplis,
483 1108 677 1145 quaenam
722 1097 938 1136 litterarum
984 1096 1189 1134 collocatio
1234 1095 1413 1145 primitus
1457 1095 1606 1143 fuisset,

225 1154 472 1203 indagarent.
528 1154 642 1202 Quod
676 1156 854 1205 quamvis
893 1167 1014 1206 saepe
1053 1154 1323 1194 difficillimum
1363 1155 1432 1203 sit,
1474 1158 1607 1193 tamen

225 1219 318 1253 sunt
344 1212 539 1263 quaedam
566 1215 739 1255 rationes
765 1219 804 1255 et
838 1215 949 1264 viae,
985 1215 1126 1265 quibus
1160 1214 1392 1264 plerumque
1425 1213 1467 1253 id
1502 1213 1607 1264 quod

225 1274 406 1313 volumus
440 1274 598 1323 assequi
625 1278 665 1314 et
691 1275 745 1314 ad
770 1279 918 1314 rectum
946 1274 996 1314 de
1021 1274 1229 1314 metathesi
1257 1273 1442 1312 iudicium
1470 1285 1607 1324 perve-

225 1332 313 1372 nire
339 1333 545 1384 possimus.

332 1393 461 1442 Atque
487 1393 682 1433 interdum
710 1394 815 1434 hanc
841 1394 894 1434 ad
921 1406 1002 1434 rem
1039 1395 1118 1433 iam
1154 1394 1210 1433 eis
1246 1393 1469 1442 vocabulis,
1506 1405 1607 1444 quae

228 1452 335 1501 apud
353 1452 460 1502 ipsos
479 1452 652 1492 Graecos
680 1459 848 1503 cognata
874 1458 1042 1502 exstant,
1071 1453 1168 1492 satis
1194 1453 1405 1501 habemus3
1434 1454 1544 1492 velut
1564 1453 1606 1491 in

230 1510 380 1564 δίφρος
406 1534 459 1540 ——
488 1511 637 1565 δρίφος
665 1513 727 1560 (cf.
755 1518 777 1560 ξ
810 1514 891 1563 12),
937 1525 1024 1553 cum
1064 1512 1338 1562 antiquissima
1376 1511 1502 1552 forma
1543 1512 1607 1552 δι-

229 1586 381 1623 φορο-ς
419 1572 538 1611 fuisse
575 1573 768 1612 videatur.
835 1573 887 1611 Et
925 1573 1011 1622 ipse
1048 1573 1274 1612 Lobeckius
1315 1585 1353 1621 p.
1388 1575 1459 1611 501
1504 1573 1607 1612 bene

227 1629 385 1681 βόρμος
412 1653 463 1659 -
489 1629 647 1683 βρόμος
683 1644 770 1672 cum
804 1630 909 1682 βορά
938 1636 977 1672 et
1003 1631 1089 1672 sim.
1115 1632 1297 1683 contulit3
1326 1630 1431 1682 quod
1448 1631 1606 1672 sirecte

228 1691 320 1731 fecit
364 1692 424 1736 (cf.
460 1693 484 1740 ξ
511 1695 570 1741 4),
616 1692 658 1730 in
701 1691 860 1742 βρόμος
899 1708 920 1742 ρ
963 1692 1172 1732 metathesi
1216 1692 1473 1741 anticipatum
1519 1703 1606 1731 esse

229 1751 461 1790 sumendum
490 1755 560 1791 est.
614 1751 698 1791 Nec
726 1751 884 1791 difficile
910 1752 984 1791 fuit
1009 1752 1050 1790 in
1073 1752 1176 1791 hom.
1206 1749 1368 1801 ὁρατός,
1396 1753 1604 1801 τέτρατος,

229 1810 426 1862 ἕδραθον,
454 1811 495 1850 in
515 1810 697 1863 ἔπραόον
717 1811 816 1861 sim„
844 1812 997 1851 collatis
1027 1809 1175 1863 ὁαρτός
1194 1832 1244 1838 -
1265 1810 1384 1862 δέρω,
1412 1814 1605 1862 τέτταρες

230 1893 281 1899 -
299 1874 507 1920 τέταρτος,
536 1870 720 1922 ἕδαρθον
748 1893 800 1900 —-
829 1870 1040 1922 ὁαρθάνω,
1069 1870 1252 1921 ἕπαρόον
1280 1892 1332 1897 -
1359 1870 1502 1920 πέρὸω
1531 1875 1604 1909 cet.

227 1930 333 1971 idem
377 1930 606 1971 metathesis
649 1943 773 1981 genus
817 1942 1064 1982 cognoscere.
1132 1930 1195 1970 Ad
1240 1928 1432 1970 eiusmodi
1475 1934 1606 1970 autem

230 1992 499 2042 exemplorum
545 1991 772 2042 analogiam
815 1992 1008 2031 rationem
1052 1992 1217 2031 aliorum
1261 1989 1483 2041 perspicere
1509 1991 1605 2043 ,iam

230 2051 454 2091 Lobeckius
480 2051 617 2102 potuit,
647 2051 679 2091 si
706 2051 748 2090 id
776 2055 931 2091 secutus
959 2053 1110 2098 esset⁴).

316 2216 341 2255 ³)
363 2215 403 2247 E.
425 2225 456 2257 g.
479 2215 678 2248 Kuhnius
702 2215 854 2249 ‘Ztschr.'
876 2215 915 2254 V,
939 2217 1009 2256 217,
1040 2225 1113 2248 cum
1143 2215 1253 2259 κρίκος
1282 2215 1420 2249 formam
1449 2215 1608 2248 usitatam

230 2274 290 2308 pro
302 2265 490 2307 antiquiore
501 2266 649 2304 haberet,
673 2275 744 2298 eam
754 2265 860 2298 facilis
882 2265 1158 2307 pronuntiationis
1181 2274 1282 2298 causa
1302 2265 1336 2297 in
1358 2265 1469 2307 κίρκος
1480 2275 1608 2298 versam

230 2314 369 2356 putavit.
414 2314 485 2354 Qua
506 2315 541 2346 in
562 2324 598 2347 re
620 2315 669 2346 vir
692 2315 893 2347 clarissimus
915 2314 1008 2346 valde
1031 2315 1160 2353 erravit,
1183 2313 1336 2354 quoniam
1357 2314 1470 2354 κίρκος
1491 2331 1531 2342 =
1552 2315 1607 2346 lat.

231 2364 340 2397 circus
361 2363 434 2405 ipsa
455 2366 506 2395 est
527 2363 695 2405 antiquior
716 2363 832 2401 forma,
855 2373 872 2397 e
894 2373 957 2405 qua
978 2367 1089 2406 κρίκος
1110 2363 1241 2405 prodiit.
1266 2362 1316 2395 Cf.
1332 2362 1422 2396 infra
1438 2367 1466 2403 ς’.
1480 2366 1509 2396 4.
1532 2366 1606 2395 n.4.

315 2426 340 2465 ⁴⁴)
361 2425 395 2458 Is
416 2428 537 2464 tamen,
561 2436 636 2458 cum
657 2425 863 2467 ἰῃέδραθον,
887 2425 1115 2467 ἔπραδονίρεο
1137 2426 1191 2458 vix
1213 2425 1253 2459 de
1267 2419 1410 2467 Qlittera
1424 2426 1608 2467 anticipata

233 2475 410 2515 dubitaret,
433 2474 468 2507 in
489 2473 633 2518 ἔδρακον
655 2479 688 2508 et
709 2474 861 2519 ἔπραθον
884 2475 1014 2509 aoristis
1037 2485 1173 2517 prorsus
1198 2475 1359 2510 similibus
1381 2486 1447 2509 non
1468 2475 1607 2509 eandem
