<?xml version="1.0" encoding="UTF-8"?>
<!DOCTYPE html PUBLIC "-//W3C//DTD XHTML 1.0 Transitional//EN"
    "http://www.w3.org/TR/xhtml1/DTD/xhtml1-transitional.dtd">
<html xmlns="http://www.w3.org/1999/xhtml" xml:lang="en" lang="en">
 <head>
  <title>
</title>
<meta http-equiv="Content-Type" content="text/html;charset=utf-8" />
  <meta name='ocr-system' content='tesseract 3.04.00' />
  <meta name='ocr-capabilities' content='ocr_page ocr_carea ocr_par ocr_line ocrx_word'/>
</head>
<body>
  <div class='ocr_page' id='page_1' title='image "4737245_0037.png"; bbox 0 0 1808 2965; ppageno 0'>
   <div class='ocr_carea' id='block_1_1' title="bbox 0 0 279 134">
    <p class='ocr_par' dir='ltr' id='par_1_1' title="bbox 0 0 279 134">
     <span class='ocr_line' id='line_1_1' title="bbox 0 0 279 134; baseline 0 2831"><span class='ocrx_word' id='word_1_1' title='bbox 0 0 279 134; x_wconf 95' lang='lat' dir='ltr'> </span> 
     </span>
    </p>
   </div>
   <div class='ocr_carea' id='block_1_2' title="bbox 863 274 910 311">
    <p class='ocr_par' dir='ltr' id='par_1_2' title="bbox 863 274 910 311">
     <span class='ocr_line' id='line_1_2' title="bbox 863 274 910 311; baseline -0.021 0"><span class='ocrx_word' id='word_1_2' title='bbox 863 274 910 311; x_wconf 81' lang='lat'>31</span> 
     </span>
    </p>
   </div>
   <div class='ocr_carea' id='block_1_3' title="bbox 192 375 1576 1092">
    <p class='ocr_par' dir='ltr' id='par_1_3' title="bbox 192 375 1576 550">
     <span class='ocr_line' id='line_1_3' title="bbox 194 375 1573 431; baseline -0.002 -13"><span class='ocrx_word' id='word_1_3' title='bbox 194 377 394 431; x_wconf 77' lang='grc' dir='ltr'><em>κραδ-άω,</em></span> <span class='ocrx_word' id='word_1_4' title='bbox 423 376 609 430; x_wconf 76' lang='grc' dir='ltr'><em>θρασ-ύς</em></span> <span class='ocrx_word' id='word_1_5' title='bbox 628 376 729 426; x_wconf 89' lang='lat' dir='ltr'>aliis,</span> <span class='ocrx_word' id='word_1_6' title='bbox 759 388 858 426; x_wconf 87' lang='lat' dir='ltr'>quae</span> <span class='ocrx_word' id='word_1_7' title='bbox 878 376 1066 427; x_wconf 76' lang='lat' dir='ltr'>deinceps</span> <span class='ocrx_word' id='word_1_8' title='bbox 1087 377 1307 417; x_wconf 85' lang='lat' dir='ltr'>afferemus.</span> <span class='ocrx_word' id='word_1_9' title='bbox 1354 377 1403 417; x_wconf 92' lang='lat' dir='ltr'>In</span> <span class='ocrx_word' id='word_1_10' title='bbox 1433 375 1573 427; x_wconf 71' lang='grc' dir='ltr'><em>ὁρέπω</em></span> 
     </span>
     <span class='ocr_line' id='line_1_4' title="bbox 192 437 1576 488; baseline -0.003 -9"><span class='ocrx_word' id='word_1_11' title='bbox 192 444 323 480; x_wconf 89' lang='lat' dir='ltr'>autem</span> <span class='ocrx_word' id='word_1_12' title='bbox 360 444 398 479; x_wconf 88' lang='lat' dir='ltr'>et</span> <span class='ocrx_word' id='word_1_13' title='bbox 434 437 668 488; x_wconf 87' lang='lat' dir='ltr'>quibusdam</span> <span class='ocrx_word' id='word_1_14' title='bbox 704 437 791 476; x_wconf 89' lang='lat' dir='ltr'>aliis</span> <span class='ocrx_word' id='word_1_15' title='bbox 822 437 1071 478; x_wconf 80' lang='lat' dir='ltr'><strong>metathesim</strong></span> <span class='ocrx_word' id='word_1_16' title='bbox 1099 437 1243 476; x_wconf 89' lang='lat' dir='ltr'>factam</span> <span class='ocrx_word' id='word_1_17' title='bbox 1271 449 1358 478; x_wconf 90' lang='lat' dir='ltr'>esse</span> <span class='ocrx_word' id='word_1_18' title='bbox 1385 437 1461 477; x_wconf 92' lang='lat' dir='ltr'>hac</span> <span class='ocrx_word' id='word_1_19' title='bbox 1489 438 1576 476; x_wconf 88' lang='lat' dir='ltr'>sola</span> 
     </span>
     <span class='ocr_line' id='line_1_5' title="bbox 192 497 648 550; baseline -0.007 -10"><span class='ocrx_word' id='word_1_20' title='bbox 192 500 258 540; x_wconf 84' lang='lat' dir='ltr'>via</span> <span class='ocrx_word' id='word_1_21' title='bbox 284 498 468 550; x_wconf 78' lang='lat' dir='ltr'>cognosci</span> <span class='ocrx_word' id='word_1_22' title='bbox 494 497 648 549; x_wconf 89' lang='lat' dir='ltr'>poterit.</span> 
     </span>
    </p>

    <p class='ocr_par' dir='ltr' id='par_1_4' title="bbox 192 557 1576 1026">
     <span class='ocr_line' id='line_1_6' title="bbox 297 557 1575 607; baseline -0.001 -10"><span class='ocrx_word' id='word_1_23' title='bbox 297 559 438 599; x_wconf 83' lang='lat' dir='ltr'><strong>Rarius</strong></span> <span class='ocrx_word' id='word_1_24' title='bbox 478 558 677 598; x_wconf 80' lang='lat' dir='ltr'>radices</span> <span class='ocrx_word' id='word_1_25' title='bbox 716 571 952 607; x_wconf 85' lang='lat' dir='ltr'>consona,</span> <span class='ocrx_word' id='word_1_26' title='bbox 995 557 1180 606; x_wconf 76' lang='lat' dir='ltr'>vocali,</span> <span class='ocrx_word' id='word_1_27' title='bbox 1222 558 1418 607; x_wconf 92' lang='lat' dir='ltr'>liquida</span> <span class='ocrx_word' id='word_1_28' title='bbox 1461 570 1575 596; x_wconf 89' lang='lat' dir='ltr'>con-</span> 
     </span>
     <span class='ocr_line' id='line_1_7' title="bbox 193 617 1574 668; baseline -0.002 -9"><span class='ocrx_word' id='word_1_29' title='bbox 193 623 393 659; x_wconf 80' lang='lat' dir='ltr'>stantes</span> <span class='ocrx_word' id='word_1_30' title='bbox 421 617 462 656; x_wconf 89' lang='lat' dir='ltr'>in</span> <span class='ocrx_word' id='word_1_31' title='bbox 480 618 682 657; x_wconf 91' lang='lat' dir='ltr'>nominum</span> <span class='ocrx_word' id='word_1_32' title='bbox 701 622 740 658; x_wconf 91' lang='lat' dir='ltr'>et</span> <span class='ocrx_word' id='word_1_33' title='bbox 758 618 964 658; x_wconf 88' lang='lat' dir='ltr'>verborum</span> <span class='ocrx_word' id='word_1_34' title='bbox 984 619 1214 659; x_wconf 85' lang='lat' dir='ltr'>formatione</span> <span class='ocrx_word' id='word_1_35' title='bbox 1233 619 1335 659; x_wconf 91' lang='lat' dir='ltr'>hanc</span> <span class='ocrx_word' id='word_1_36' title='bbox 1353 617 1574 668; x_wconf 85' lang='lat' dir='ltr'>simplicem</span> 
     </span>
     <span class='ocr_line' id='line_1_8' title="bbox 193 676 1573 730; baseline -0.002 -12"><span class='ocrx_word' id='word_1_37' title='bbox 193 683 233 718; x_wconf 85' lang='lat' dir='ltr'>et</span> <span class='ocrx_word' id='word_1_38' title='bbox 258 677 458 728; x_wconf 87' lang='lat' dir='ltr'>propriam</span> <span class='ocrx_word' id='word_1_39' title='bbox 486 678 733 717; x_wconf 86' lang='lat' dir='ltr'>metathesim</span> <span class='ocrx_word' id='word_1_40' title='bbox 760 679 960 729; x_wconf 87' lang='lat' dir='ltr'>patiuntur</span> <span class='ocrx_word' id='word_1_41' title='bbox 987 680 1111 724; x_wconf 88' lang='lat' dir='ltr'>(velut</span> <span class='ocrx_word' id='word_1_42' title='bbox 1129 684 1176 718; x_wconf 91' lang='lat' dir='ltr'>st.</span> <span class='ocrx_word' id='word_1_43' title='bbox 1196 694 1294 730; x_wconf 83' lang='grc' dir='ltr'><strong><em>καρ-</em></strong></span> <span class='ocrx_word' id='word_1_44' title='bbox 1313 679 1355 717; x_wconf 90' lang='lat' dir='ltr'>in</span> <span class='ocrx_word' id='word_1_45' title='bbox 1380 676 1573 728; x_wconf 83' lang='grc' dir='ltr'><em>κρά-νο-ς</em></span> 
     </span>
     <span class='ocr_line' id='line_1_9' title="bbox 193 738 1574 788; baseline -0.001 -12"><span class='ocrx_word' id='word_1_46' title='bbox 193 741 265 776; x_wconf 87' lang='lat' dir='ltr'>cet.</span> <span class='ocrx_word' id='word_1_47' title='bbox 301 749 338 774; x_wconf 89' lang='lat' dir='ltr'>v.</span> <span class='ocrx_word' id='word_1_48' title='bbox 382 738 404 784; x_wconf 66' lang='grc' dir='ltr'><strong>ξ</strong></span> <span class='ocrx_word' id='word_1_49' title='bbox 440 739 464 774; x_wconf 93' lang='grc'>4</span> <span class='ocrx_word' id='word_1_50' title='bbox 503 750 540 776; x_wconf 87' lang='lat' dir='ltr'>n.</span> <span class='ocrx_word' id='word_1_51' title='bbox 571 739 620 784; x_wconf 89' lang='grc'>6).</span> <span class='ocrx_word' id='word_1_52' title='bbox 693 739 739 776; x_wconf 90' lang='lat' dir='ltr'>In</span> <span class='ocrx_word' id='word_1_53' title='bbox 784 738 982 788; x_wconf 87' lang='lat' dir='ltr'>plerisque</span> <span class='ocrx_word' id='word_1_54' title='bbox 1026 739 1183 777; x_wconf 87' lang='lat' dir='ltr'>illarum</span> <span class='ocrx_word' id='word_1_55' title='bbox 1228 738 1404 777; x_wconf 89' lang='lat' dir='ltr'>radicum</span> <span class='ocrx_word' id='word_1_56' title='bbox 1449 742 1574 776; x_wconf 90' lang='lat' dir='ltr'>trans-</span> 
     </span>
     <span class='ocr_line' id='line_1_10' title="bbox 192 796 1573 848; baseline -0.001 -13"><span class='ocrx_word' id='word_1_57' title='bbox 192 796 448 836; x_wconf 87' lang='lat' dir='ltr'>mutationem</span> <span class='ocrx_word' id='word_1_58' title='bbox 476 797 532 836; x_wconf 88' lang='lat' dir='ltr'>ita</span> <span class='ocrx_word' id='word_1_59' title='bbox 550 796 632 836; x_wconf 89' lang='lat' dir='ltr'>fieri</span> <span class='ocrx_word' id='word_1_60' title='bbox 651 798 841 847; x_wconf 86' lang='lat' dir='ltr'>videmus,</span> <span class='ocrx_word' id='word_1_61' title='bbox 870 803 912 836; x_wconf 93' lang='lat' dir='ltr'>ut</span> <span class='ocrx_word' id='word_1_62' title='bbox 934 798 1081 837; x_wconf 89' lang='lat' dir='ltr'>vocalis</span> <span class='ocrx_word' id='word_1_63' title='bbox 1100 798 1319 848; x_wconf 89' lang='lat' dir='ltr'>postposita</span> <span class='ocrx_word' id='word_1_64' title='bbox 1337 796 1573 847; x_wconf 87' lang='lat' dir='ltr'>producatur</span> 
     </span>
     <span class='ocr_line' id='line_1_11' title="bbox 193 854 1576 908; baseline -0.001 -14"><span class='ocrx_word' id='word_1_65' title='bbox 193 859 232 894; x_wconf 89' lang='lat' dir='ltr'>et</span> <span class='ocrx_word' id='word_1_66' title='bbox 255 854 413 895; x_wconf 85' lang='lat' dir='ltr'>difficile</span> <span class='ocrx_word' id='word_1_67' title='bbox 433 856 483 895; x_wconf 92' lang='lat' dir='ltr'>sit</span> <span class='ocrx_word' id='word_1_68' title='bbox 504 856 745 907; x_wconf 85' lang='lat' dir='ltr'>dignoscere,</span> <span class='ocrx_word' id='word_1_69' title='bbox 773 862 901 896; x_wconf 90' lang='lat' dir='ltr'>utrum</span> <span class='ocrx_word' id='word_1_70' title='bbox 929 857 1159 896; x_wconf 86' lang='lat' dir='ltr'>metathesis</span> <span class='ocrx_word' id='word_1_71' title='bbox 1187 869 1240 896; x_wconf 89' lang='lat' dir='ltr'>an</span> <span class='ocrx_word' id='word_1_72' title='bbox 1267 866 1442 908; x_wconf 85' lang='lat' dir='ltr'>syncope</span> <span class='ocrx_word' id='word_1_73' title='bbox 1469 854 1576 894; x_wconf 87' lang='lat' dir='ltr'>facta</span> 
     </span>
     <span class='ocr_line' id='line_1_12' title="bbox 193 914 1575 967; baseline 0 -13"><span class='ocrx_word' id='word_1_74' title='bbox 193 914 255 955; x_wconf 88' lang='lat' dir='ltr'>sit.</span> <span class='ocrx_word' id='word_1_75' title='bbox 310 915 439 963; x_wconf 83' lang='lat' dir='ltr'>Quare</span> <span class='ocrx_word' id='word_1_76' title='bbox 468 921 506 956; x_wconf 89' lang='lat' dir='ltr'>et</span> <span class='ocrx_word' id='word_1_77' title='bbox 532 917 604 957; x_wconf 91' lang='lat' dir='ltr'>has</span> <span class='ocrx_word' id='word_1_78' title='bbox 632 921 671 957; x_wconf 91' lang='lat' dir='ltr'>et</span> <span class='ocrx_word' id='word_1_79' title='bbox 697 917 851 958; x_wconf 84' lang='lat' dir='ltr'>radices</span> <span class='ocrx_word' id='word_1_80' title='bbox 879 929 1072 967; x_wconf 84' lang='lat' dir='ltr'>consona,</span> <span class='ocrx_word' id='word_1_81' title='bbox 1101 917 1250 966; x_wconf 82' lang='lat' dir='ltr'>vocali,</span> <span class='ocrx_word' id='word_1_82' title='bbox 1279 915 1445 956; x_wconf 89' lang='lat' dir='ltr'>nasali</span> <span class='ocrx_word' id='word_1_83' title='bbox 1473 927 1575 955; x_wconf 89' lang='lat' dir='ltr'>com·</span> 
     </span>
     <span class='ocr_line' id='line_1_13' title="bbox 192 976 1574 1026; baseline -0.001 -11"><span class='ocrx_word' id='word_1_84' title='bbox 192 976 352 1026; x_wconf 88' lang='lat' dir='ltr'>positas,</span> <span class='ocrx_word' id='word_1_85' title='bbox 383 989 546 1026; x_wconf 90' lang='lat' dir='ltr'>quarum</span> <span class='ocrx_word' id='word_1_86' title='bbox 575 977 715 1017; x_wconf 90' lang='lat' dir='ltr'>eadem</span> <span class='ocrx_word' id='word_1_87' title='bbox 742 982 802 1018; x_wconf 90' lang='lat' dir='ltr'>est</span> <span class='ocrx_word' id='word_1_88' title='bbox 829 977 940 1026; x_wconf 86' lang='lat' dir='ltr'>ratio,</span> <span class='ocrx_word' id='word_1_89' title='bbox 970 977 1176 1017; x_wconf 87' lang='lat' dir='ltr'>seiunctim</span> <span class='ocrx_word' id='word_1_90' title='bbox 1195 977 1449 1016; x_wconf 88' lang='lat' dir='ltr'>tractabimus</span> <span class='ocrx_word' id='word_1_91' title='bbox 1469 977 1491 1023; x_wconf 67' lang='grc' dir='ltr'>ξ</span> <span class='ocrx_word' id='word_1_92' title='bbox 1515 979 1574 1015; x_wconf 91' lang='grc'>10.</span> 
     </span>
    </p>

    <p class='ocr_par' dir='ltr' id='par_1_5' title="bbox 298 1036 1399 1092">
     <span class='ocr_line' id='line_1_14' title="bbox 298 1036 1399 1092; baseline -0.001 -17"><span class='ocrx_word' id='word_1_93' title='bbox 298 1037 382 1075; x_wconf 92' lang='lat' dir='ltr'>Iam</span> <span class='ocrx_word' id='word_1_94' title='bbox 410 1036 620 1092; x_wconf 83' lang='lat' dir='ltr'>transimus</span> <span class='ocrx_word' id='word_1_95' title='bbox 647 1037 700 1076; x_wconf 89' lang='lat' dir='ltr'>ad</span> <span class='ocrx_word' id='word_1_96' title='bbox 728 1038 911 1088; x_wconf 83' lang='lat' dir='ltr'>exempla</span> <span class='ocrx_word' id='word_1_97' title='bbox 940 1037 1092 1077; x_wconf 81' lang='lat' dir='ltr'>Graeca</span> <span class='ocrx_word' id='word_1_98' title='bbox 1120 1036 1399 1076; x_wconf 89' lang='lat' dir='ltr'>enumeranda.</span> 
     </span>
    </p>
   </div>
   <div class='ocr_carea' id='block_1_4' title="bbox 192 1152 1576 1399">
    <p class='ocr_par' dir='ltr' id='par_1_6' title="bbox 845 1152 931 1198">
     <span class='ocr_line' id='line_1_15' title="bbox 845 1152 931 1198; baseline 0.012 -10"><span class='ocrx_word' id='word_1_99' title='bbox 845 1152 867 1198; x_wconf 63' lang='grc' dir='ltr'><strong><em>ξ</em></strong></span> <span class='ocrx_word' id='word_1_100' title='bbox 897 1154 931 1189; x_wconf 88' lang='grc'>4.</span> 
     </span>
    </p>

    <p class='ocr_par' dir='ltr' id='par_1_7' title="bbox 192 1226 1576 1399">
     <span class='ocr_line' id='line_1_16' title="bbox 862 1226 903 1262; baseline 0 0"><span class='ocrx_word' id='word_1_101' title='bbox 862 1226 903 1262; x_wconf 93' lang='grc' dir='ltr'>Ρ.</span> 
     </span>
     <span class='ocr_line' id='line_1_17' title="bbox 303 1289 1576 1341; baseline 0.002 -15"><span class='ocrx_word' id='word_1_102' title='bbox 303 1293 334 1326; x_wconf 93' lang='grc'>1.</span> <span class='ocrx_word' id='word_1_103' title='bbox 364 1292 531 1339; x_wconf 82' lang='grc' dir='ltr'><em>Κρέκω,</em></span> <span class='ocrx_word' id='word_1_104' title='bbox 579 1293 676 1341; x_wconf 83' lang='grc' dir='ltr'><strong><em>κρέξ</em></strong></span> <span class='ocrx_word' id='word_1_105' title='bbox 720 1291 819 1336; x_wconf 88' lang='lat' dir='ltr'>(avis</span> <span class='ocrx_word' id='word_1_106' title='bbox 866 1292 1036 1336; x_wconf 89' lang='lat' dir='ltr'>nomen).</span> <span class='ocrx_word' id='word_1_107' title='bbox 1092 1289 1221 1328; x_wconf 82' lang='lat' dir='ltr'>Radix</span> <span class='ocrx_word' id='word_1_108' title='bbox 1267 1290 1327 1328; x_wconf 88' lang='lat' dir='ltr'>his</span> <span class='ocrx_word' id='word_1_109' title='bbox 1372 1289 1576 1329; x_wconf 77' lang='lat' dir='ltr'>vocabulis</span> 
     </span>
     <span class='ocr_line' id='line_1_18' title="bbox 192 1348 1576 1399; baseline 0 -11"><span class='ocrx_word' id='word_1_110' title='bbox 192 1348 369 1388; x_wconf 87' lang='lat' dir='ltr'>subiecta</span> <span class='ocrx_word' id='word_1_111' title='bbox 398 1361 420 1388; x_wconf 86' lang='lat' dir='ltr'>e</span> <span class='ocrx_word' id='word_1_112' title='bbox 447 1349 632 1399; x_wconf 87' lang='lat' dir='ltr'>primaria</span> <span class='ocrx_word' id='word_1_113' title='bbox 660 1349 743 1389; x_wconf 88' lang='lat' dir='ltr'>rad.</span> <span class='ocrx_word' id='word_1_114' title='bbox 772 1349 846 1387; x_wconf 70' lang='lat' dir='ltr'>lcar</span> <span class='ocrx_word' id='word_1_115' title='bbox 873 1361 1049 1390; x_wconf 90' lang='lat' dir='ltr'>sonare</span> <span class='ocrx_word' id='word_1_116' title='bbox 1068 1371 1119 1377; x_wconf 93' lang='lat'>—</span> <span class='ocrx_word' id='word_1_117' title='bbox 1139 1349 1186 1388; x_wconf 77' lang='lat' dir='ltr'>cs.</span> <span class='ocrx_word' id='word_1_118' title='bbox 1216 1351 1448 1399; x_wconf 81' lang='grc' dir='ltr'><em>καρ-καίρω</em></span> <span class='ocrx_word' id='word_1_119' title='bbox 1468 1371 1519 1376; x_wconf 89' lang='grc'><strong>-</strong></span> <span class='ocrx_word' id='word_1_120' title='bbox 1539 1353 1576 1388; x_wconf 90' lang='lat' dir='ltr'>et</span> 
     </span>
    </p>
   </div>
   <div class='ocr_carea' id='block_1_5' title="bbox 192 1407 1575 1518">
    <p class='ocr_par' dir='ltr' id='par_1_8' title="bbox 192 1407 1575 1518">
     <span class='ocr_line' id='line_1_19' title="bbox 193 1407 1575 1460; baseline 0 -14"><span class='ocrx_word' id='word_1_121' title='bbox 193 1424 215 1446; x_wconf 88' lang='grc' dir='ltr'>κ</span> <span class='ocrx_word' id='word_1_122' title='bbox 252 1409 334 1447; x_wconf 88' lang='lat' dir='ltr'>sive</span> <span class='ocrx_word' id='word_1_123' title='bbox 382 1407 683 1449; x_wconf 88' lang='lat' dir='ltr'>determinativo</span> <span class='ocrx_word' id='word_1_124' title='bbox 730 1409 813 1448; x_wconf 90' lang='lat' dir='ltr'>sive</span> <span class='ocrx_word' id='word_1_125' title='bbox 859 1409 1144 1460; x_wconf 86' lang='lat' dir='ltr'>reduplicativo</span> <span class='ocrx_word' id='word_1_126' title='bbox 1190 1409 1407 1458; x_wconf 87' lang='lat' dir='ltr'>composita</span> <span class='ocrx_word' id='word_1_127' title='bbox 1453 1410 1575 1455; x_wconf 51' lang='grc' dir='ltr'>θεῖ-40).</span> 
     </span>
     <span class='ocr_line' id='line_1_20' title="bbox 192 1468 1575 1518; baseline 0.001 -14"><span class='ocrx_word' id='word_1_128' title='bbox 192 1470 339 1518; x_wconf 81' lang='grc' dir='ltr'><em>Κρέκω</em></span> <span class='ocrx_word' id='word_1_129' title='bbox 368 1468 472 1506; x_wconf 90' lang='lat' dir='ltr'>enim</span> <span class='ocrx_word' id='word_1_130' title='bbox 492 1469 648 1518; x_wconf 88' lang='lat' dir='ltr'>proprie</span> <span class='ocrx_word' id='word_1_131' title='bbox 667 1468 925 1508; x_wconf 81' lang='lat' dir='ltr'>hauddubie</span> <span class='ocrx_word' id='word_1_132' title='bbox 949 1468 1144 1518; x_wconf 87' lang='lat' dir='ltr'>significat</span> <span class='ocrx_word' id='word_1_133' title='bbox 1170 1479 1349 1507; x_wconf 88' lang='lat' dir='ltr'>sonare</span> <span class='ocrx_word' id='word_1_134' title='bbox 1376 1469 1443 1507; x_wconf 90' lang='lat' dir='ltr'>vel</span> <span class='ocrx_word' id='word_1_135' title='bbox 1472 1480 1575 1506; x_wconf 89' lang='lat' dir='ltr'>cum</span> 
     </span>
    </p>
   </div>
   <div class='ocr_carea' id='block_1_6' title="bbox 192 1527 1633 1578">
    <p class='ocr_par' dir='ltr' id='par_1_9' title="bbox 192 1527 1633 1578">
     <span class='ocr_line' id='line_1_21' title="bbox 192 1527 1633 1578; baseline 0.001 -13"><span class='ocrx_word' id='word_1_136' title='bbox 192 1527 412 1577; x_wconf 87' lang='lat' dir='ltr'>strepitu</span> <span class='ocrx_word' id='word_1_137' title='bbox 449 1528 644 1577; x_wconf 88' lang='lat' dir='ltr'>aliquid</span> <span class='ocrx_word' id='word_1_138' title='bbox 679 1528 871 1578; x_wconf 85' lang='lat' dir='ltr'>pellere</span> <span class='ocrx_word' id='word_1_139' title='bbox 918 1533 1037 1578; x_wconf 89' lang='lat' dir='ltr'>atque</span> <span class='ocrx_word' id='word_1_140' title='bbox 1071 1529 1163 1568; x_wconf 90' lang='lat' dir='ltr'>hinc</span> <span class='ocrx_word' id='word_1_141' title='bbox 1199 1532 1238 1567; x_wconf 89' lang='lat' dir='ltr'>et</span> <span class='ocrx_word' id='word_1_142' title='bbox 1266 1527 1315 1567; x_wconf 91' lang='lat' dir='ltr'>de</span> <span class='ocrx_word' id='word_1_143' title='bbox 1342 1528 1431 1578; x_wconf 86' lang='lat' dir='ltr'>lyra</span> <span class='ocrx_word' id='word_1_144' title='bbox 1458 1532 1496 1567; x_wconf 91' lang='lat' dir='ltr'>et</span> <span class='ocrx_word' id='word_1_145' title='bbox 1525 1527 1574 1567; x_wconf 91' lang='lat' dir='ltr'>de</span> <span class='ocrx_word' id='word_1_146' title='bbox 1629 1532 1633 1537; x_wconf 86' lang='grc'>’</span> 
     </span>
    </p>
   </div>
   <div class='ocr_carea' id='block_1_7' title="bbox 191 1587 1577 2057">
    <p class='ocr_par' dir='ltr' id='par_1_10' title="bbox 191 1587 1577 2057">
     <span class='ocr_line' id='line_1_22' title="bbox 191 1587 1576 1638; baseline 0 -13"><span class='ocrx_word' id='word_1_147' title='bbox 191 1587 303 1626; x_wconf 90' lang='lat' dir='ltr'>radio</span> <span class='ocrx_word' id='word_1_148' title='bbox 350 1588 391 1625; x_wconf 93' lang='lat' dir='ltr'>in</span> <span class='ocrx_word' id='word_1_149' title='bbox 436 1588 607 1626; x_wconf 85' lang='lat' dir='ltr'>texendo</span> <span class='ocrx_word' id='word_1_150' title='bbox 653 1587 829 1627; x_wconf 88' lang='lat' dir='ltr'>adhibito</span> <span class='ocrx_word' id='word_1_151' title='bbox 872 1588 1035 1638; x_wconf 80' lang='lat' dir='ltr'>dicitur3</span> <span class='ocrx_word' id='word_1_152' title='bbox 1074 1588 1121 1627; x_wconf 85' lang='lat' dir='ltr'>cf.</span> <span class='ocrx_word' id='word_1_153' title='bbox 1158 1587 1351 1637; x_wconf 86' lang='lat' dir='ltr'>Hesych.:</span> <span class='ocrx_word' id='word_1_154' title='bbox 1393 1591 1576 1637; x_wconf 80' lang='grc' dir='ltr'><em>κρέκειν·</em></span> 
     </span>
     <span class='ocr_line' id='line_1_23' title="bbox 192 1646 1577 1697; baseline 0 -12"><span class='ocrx_word' id='word_1_155' title='bbox 192 1646 427 1697; x_wconf 76' lang='grc' dir='ltr'><em>κιθαρίζειν</em></span> <span class='ocrx_word' id='word_1_156' title='bbox 458 1650 544 1692; x_wconf 81' lang='lat' dir='ltr'>(scr.</span> <span class='ocrx_word' id='word_1_157' title='bbox 564 1646 728 1685; x_wconf 73' lang='lat' dir='ltr'>karkari</span> <span class='ocrx_word' id='word_1_158' title='bbox 753 1648 990 1697; x_wconf 82' lang='lat' dir='ltr'>cithara),</span> <span class='ocrx_word' id='word_1_159' title='bbox 1025 1651 1243 1697; x_wconf 83' lang='grc' dir='ltr'><em>κρέκοντα·</em></span> <span class='ocrx_word' id='word_1_160' title='bbox 1274 1646 1577 1697; x_wconf 76' lang='grc' dir='ltr'><strong><em>κερκίζοντα“).</em></strong></span> 
     </span>
     <span class='ocr_line' id='line_1_24' title="bbox 192 1706 1577 1746; baseline 0 -1"><span class='ocrx_word' id='word_1_161' title='bbox 192 1706 384 1746; x_wconf 88' lang='lat' dir='ltr'>Pristinus</span> <span class='ocrx_word' id='word_1_162' title='bbox 414 1706 630 1746; x_wconf 90' lang='lat' dir='ltr'>litterarum</span> <span class='ocrx_word' id='word_1_163' title='bbox 663 1706 758 1746; x_wconf 93' lang='lat' dir='ltr'>ordo</span> <span class='ocrx_word' id='word_1_164' title='bbox 794 1712 972 1746; x_wconf 87' lang='lat' dir='ltr'>servatus</span> <span class='ocrx_word' id='word_1_165' title='bbox 1009 1711 1068 1746; x_wconf 90' lang='lat' dir='ltr'>est</span> <span class='ocrx_word' id='word_1_166' title='bbox 1102 1707 1143 1745; x_wconf 91' lang='lat' dir='ltr'>in</span> <span class='ocrx_word' id='word_1_167' title='bbox 1178 1706 1310 1746; x_wconf 90' lang='lat' dir='ltr'>avium</span> <span class='ocrx_word' id='word_1_168' title='bbox 1352 1706 1577 1745; x_wconf 88' lang='lat' dir='ltr'>nominibus</span> 
     </span>
     <span class='ocr_line' id='line_1_25' title="bbox 193 1765 1575 1818; baseline 0 -14"><span class='ocrx_word' id='word_1_169' title='bbox 193 1766 363 1817; x_wconf 81' lang='grc' dir='ltr'><strong><em>κέρκαξ,</em></strong></span> <span class='ocrx_word' id='word_1_170' title='bbox 401 1765 570 1817; x_wconf 83' lang='grc' dir='ltr'><em>κερκάς,</em></span> <span class='ocrx_word' id='word_1_171' title='bbox 609 1770 782 1817; x_wconf 81' lang='grc' dir='ltr'><em>κερκίων</em></span> <span class='ocrx_word' id='word_1_172' title='bbox 813 1767 1033 1818; x_wconf 84' lang='lat' dir='ltr'>(Hesych.)‚</span> <span class='ocrx_word' id='word_1_173' title='bbox 1064 1767 1169 1807; x_wconf 85' lang='lat' dir='ltr'>etin</span> <span class='ocrx_word' id='word_1_174' title='bbox 1206 1769 1366 1818; x_wconf 79' lang='grc' dir='ltr'><em>κερκίς,</em></span> <span class='ocrx_word' id='word_1_175' title='bbox 1402 1765 1575 1817; x_wconf 78' lang='grc' dir='ltr'><em>κερκίζω</em></span> 
     </span>
     <span class='ocr_line' id='line_1_26' title="bbox 193 1826 1576 1876; baseline -0.001 -10"><span class='ocrx_word' id='word_1_176' title='bbox 193 1828 276 1866; x_wconf 90' lang='lat' dir='ltr'>sim.</span> <span class='ocrx_word' id='word_1_177' title='bbox 333 1826 498 1865; x_wconf 90' lang='lat' dir='ltr'>Accedit</span> <span class='ocrx_word' id='word_1_178' title='bbox 524 1826 748 1876; x_wconf 84' lang='grc' dir='ltr'><em>κερκολύρα</em></span> <span class='ocrx_word' id='word_1_179' title='bbox 785 1827 1038 1875; x_wconf 81' lang='lat' dir='ltr'>vocabulum,</span> <span class='ocrx_word' id='word_1_180' title='bbox 1077 1839 1151 1875; x_wconf 89' lang='lat' dir='ltr'>quo</span> <span class='ocrx_word' id='word_1_181' title='bbox 1180 1827 1347 1864; x_wconf 89' lang='lat' dir='ltr'>Alcman</span> <span class='ocrx_word' id='word_1_182' title='bbox 1375 1838 1468 1865; x_wconf 87' lang='lat' dir='ltr'>usus</span> <span class='ocrx_word' id='word_1_183' title='bbox 1498 1831 1576 1876; x_wconf 83' lang='lat' dir='ltr'>est3</span> 
     </span>
     <span class='ocr_line' id='line_1_27' title="bbox 192 1882 1577 1937; baseline 0.001 -12"><span class='ocrx_word' id='word_1_184' title='bbox 192 1898 229 1925; x_wconf 87' lang='lat' dir='ltr'>v.</span> <span class='ocrx_word' id='word_1_185' title='bbox 257 1886 399 1925; x_wconf 87' lang='lat' dir='ltr'>Zonar.</span> <span class='ocrx_word' id='word_1_186' title='bbox 443 1887 540 1924; x_wconf 88' lang='grc'>1190</span> <span class='ocrx_word' id='word_1_187' title='bbox 576 1885 724 1937; x_wconf 83' lang='lat' dir='ltr'>(Bergk</span> <span class='ocrx_word' id='word_1_188' title='bbox 752 1886 848 1937; x_wconf 88' lang='lat' dir='ltr'>lyr.³</span> <span class='ocrx_word' id='word_1_189' title='bbox 883 1898 921 1937; x_wconf 93' lang='lat' dir='ltr'>p.</span> <span class='ocrx_word' id='word_1_190' title='bbox 952 1887 1061 1933; x_wconf 84' lang='lat'>868):</span> <span class='ocrx_word' id='word_1_191' title='bbox 1104 1883 1331 1937; x_wconf 82' lang='grc' dir='ltr'><em>κερκολύρα</em></span> <span class='ocrx_word' id='word_1_192' title='bbox 1373 1882 1463 1925; x_wconf 79' lang='grc' dir='ltr'>ἀντὶ</span> <span class='ocrx_word' id='word_1_193' title='bbox 1505 1886 1577 1926; x_wconf 80' lang='grc' dir='ltr'>τοῦ</span> 
     </span>
     <span class='ocr_line' id='line_1_28' title="bbox 195 1944 1576 1998; baseline 0 -13"><span class='ocrx_word' id='word_1_194' title='bbox 195 1945 441 1997; x_wconf 78' lang='grc' dir='ltr'><em>κρεκολύρα,</em></span> <span class='ocrx_word' id='word_1_195' title='bbox 486 1944 655 1998; x_wconf 80' lang='grc' dir='ltr'><strong><em>ήχητικὴ</em></strong></span> <span class='ocrx_word' id='word_1_196' title='bbox 699 1946 810 1997; x_wconf 69' lang='grc' dir='ltr'><strong><em>λύρα.</em></strong></span> <span class='ocrx_word' id='word_1_197' title='bbox 866 1946 980 1994; x_wconf 82' lang='lat' dir='ltr'>Quod</span> <span class='ocrx_word' id='word_1_198' title='bbox 1018 1946 1052 1985; x_wconf 90' lang='lat' dir='ltr'>si</span> <span class='ocrx_word' id='word_1_199' title='bbox 1093 1950 1197 1985; x_wconf 87' lang='lat' dir='ltr'>recte</span> <span class='ocrx_word' id='word_1_200' title='bbox 1243 1946 1299 1985; x_wconf 90' lang='lat' dir='ltr'>sic</span> <span class='ocrx_word' id='word_1_201' title='bbox 1346 1946 1576 1996; x_wconf 87' lang='lat' dir='ltr'>explicatur,</span> 
     </span>
     <span class='ocr_line' id='line_1_29' title="bbox 192 2004 1577 2057; baseline 0 -11"><span class='ocrx_word' id='word_1_202' title='bbox 192 2005 426 2046; x_wconf 86' lang='lat' dir='ltr'>sumendum</span> <span class='ocrx_word' id='word_1_203' title='bbox 460 2010 519 2045; x_wconf 89' lang='lat' dir='ltr'>est</span> <span class='ocrx_word' id='word_1_204' title='bbox 553 2006 811 2056; x_wconf 88' lang='lat' dir='ltr'>antiquiorem</span> <span class='ocrx_word' id='word_1_205' title='bbox 847 2006 956 2045; x_wconf 81' lang='lat' dir='ltr'>verbi</span> <span class='ocrx_word' id='word_1_206' title='bbox 992 2005 1157 2045; x_wconf 88' lang='lat' dir='ltr'>formam</span> <span class='ocrx_word' id='word_1_207' title='bbox 1191 2004 1387 2057; x_wconf 75' lang='grc' dir='ltr'><em>*κέρκειν</em></span> <span class='ocrx_word' id='word_1_208' title='bbox 1429 2005 1577 2046; x_wconf 85' lang='lat' dir='ltr'>diutius</span> 
     </span>
    </p>
   </div>
   <div class='ocr_carea' id='block_1_8' title="bbox 193 2126 1579 2557">
    <p class='ocr_par' dir='ltr' id='par_1_11' title="bbox 193 2126 1579 2358">
     <span class='ocr_line' id='line_1_30' title="bbox 278 2126 1578 2170; baseline 0 -10"><span class='ocrx_word' id='word_1_209' title='bbox 278 2130 316 2167; x_wconf 63' lang='lat'>⁴0)</span> <span class='ocrx_word' id='word_1_210' title='bbox 342 2129 490 2170; x_wconf 85' lang='lat' dir='ltr'>Cognata</span> <span class='ocrx_word' id='word_1_211' title='bbox 504 2133 581 2161; x_wconf 82' lang='lat' dir='ltr'>sunt</span> <span class='ocrx_word' id='word_1_212' title='bbox 593 2139 656 2162; x_wconf 87' lang='lat' dir='ltr'>scr.</span> <span class='ocrx_word' id='word_1_213' title='bbox 670 2129 816 2168; x_wconf 74' lang='lat' dir='ltr'>lcarlcalz‘,</span> <span class='ocrx_word' id='word_1_214' title='bbox 838 2139 886 2170; x_wconf 86' lang='lat' dir='ltr'>gr.</span> <span class='ocrx_word' id='word_1_215' title='bbox 900 2127 1020 2170; x_wconf 77' lang='grc' dir='ltr'><em>κράζω,</em></span> <span class='ocrx_word' id='word_1_216' title='bbox 1037 2126 1153 2164; x_wconf 78' lang='grc' dir='ltr'><strong><em>κλάζω,</em></strong></span> <span class='ocrx_word' id='word_1_217' title='bbox 1171 2127 1321 2163; x_wconf 81' lang='grc' dir='ltr'><em>κλώσσω,</em></span> <span class='ocrx_word' id='word_1_218' title='bbox 1338 2128 1395 2159; x_wconf 85' lang='lat' dir='ltr'>lat.</span> <span class='ocrx_word' id='word_1_219' title='bbox 1408 2128 1578 2170; x_wconf 64' lang='grc' dir='ltr'>οίαηρενε,</span> 
     </span>
     <span class='ocr_line' id='line_1_31' title="bbox 193 2176 1577 2222; baseline -0.001 -12"><span class='ocrx_word' id='word_1_220' title='bbox 193 2179 317 2217; x_wconf 74' lang='lat' dir='ltr'>crocia,</span> <span class='ocrx_word' id='word_1_221' title='bbox 340 2178 387 2210; x_wconf 89' lang='lat' dir='ltr'>lit.</span> <span class='ocrx_word' id='word_1_222' title='bbox 411 2177 512 2222; x_wconf 74' lang='lat' dir='ltr'>klequ</span> <span class='ocrx_word' id='word_1_223' title='bbox 536 2181 617 2218; x_wconf 54' lang='lat' dir='ltr'>cet„</span> <span class='ocrx_word' id='word_1_224' title='bbox 649 2188 733 2220; x_wconf 87' lang='lat' dir='ltr'>quae</span> <span class='ocrx_word' id='word_1_225' title='bbox 754 2178 891 2210; x_wconf 87' lang='lat' dir='ltr'>Fickius</span> <span class='ocrx_word' id='word_1_226' title='bbox 920 2188 951 2219; x_wconf 92' lang='lat' dir='ltr'>p.</span> <span class='ocrx_word' id='word_1_227' title='bbox 976 2180 1015 2209; x_wconf 77' lang='lat'>48</span> <span class='ocrx_word' id='word_1_228' title='bbox 1047 2177 1168 2209; x_wconf 86' lang='lat' dir='ltr'>attulit.</span> <span class='ocrx_word' id='word_1_229' title='bbox 1224 2176 1289 2209; x_wconf 88' lang='lat' dir='ltr'>Sed</span> <span class='ocrx_word' id='word_1_230' title='bbox 1318 2176 1464 2217; x_wconf 89' lang='lat' dir='ltr'>quamvis</span> <span class='ocrx_word' id='word_1_231' title='bbox 1494 2176 1577 2209; x_wconf 88' lang='lat' dir='ltr'>haec</span> 
     </span>
     <span class='ocr_line' id='line_1_32' title="bbox 196 2225 1578 2268; baseline -0.001 -8"><span class='ocrx_word' id='word_1_232' title='bbox 196 2227 303 2261; x_wconf 87' lang='lat' dir='ltr'>omnia</span> <span class='ocrx_word' id='word_1_233' title='bbox 326 2228 464 2260; x_wconf 89' lang='lat' dir='ltr'>sonandi</span> <span class='ocrx_word' id='word_1_234' title='bbox 486 2228 586 2260; x_wconf 90' lang='lat' dir='ltr'>verba</span> <span class='ocrx_word' id='word_1_235' title='bbox 609 2228 689 2268; x_wconf 83' lang='lat' dir='ltr'>sint,</span> <span class='ocrx_word' id='word_1_236' title='bbox 713 2228 766 2260; x_wconf 83' lang='lat' dir='ltr'>vix</span> <span class='ocrx_word' id='word_1_237' title='bbox 787 2233 876 2261; x_wconf 86' lang='lat' dir='ltr'>recte</span> <span class='ocrx_word' id='word_1_238' title='bbox 898 2227 1033 2259; x_wconf 84' lang='lat' dir='ltr'>Fickius</span> <span class='ocrx_word' id='word_1_239' title='bbox 1057 2236 1095 2258; x_wconf 86' lang='lat' dir='ltr'>ea</span> <span class='ocrx_word' id='word_1_240' title='bbox 1117 2226 1159 2258; x_wconf 87' lang='lat' dir='ltr'>ad</span> <span class='ocrx_word' id='word_1_241' title='bbox 1181 2235 1279 2258; x_wconf 86' lang='lat' dir='ltr'>unam</span> <span class='ocrx_word' id='word_1_242' title='bbox 1302 2225 1505 2267; x_wconf 85' lang='lat' dir='ltr'>eandemque</span> <span class='ocrx_word' id='word_1_243' title='bbox 1527 2226 1578 2258; x_wconf 90' lang='lat' dir='ltr'>in—</span> 
     </span>
     <span class='ocr_line' id='line_1_33' title="bbox 195 2275 1579 2318; baseline -0.001 -9"><span class='ocrx_word' id='word_1_244' title='bbox 195 2277 267 2318; x_wconf 87' lang='lat' dir='ltr'>dog.</span> <span class='ocrx_word' id='word_1_245' title='bbox 292 2276 361 2308; x_wconf 89' lang='lat' dir='ltr'>rad.</span> <span class='ocrx_word' id='word_1_246' title='bbox 386 2276 605 2309; x_wconf 65' lang='lat' dir='ltr'>karle-hruk</span> <span class='ocrx_word' id='word_1_247' title='bbox 629 2278 803 2309; x_wconf 86' lang='lat' dir='ltr'>revocavit.</span> <span class='ocrx_word' id='word_1_248' title='bbox 836 2277 922 2309; x_wconf 82' lang='lat' dir='ltr'>Nam</span> <span class='ocrx_word' id='word_1_249' title='bbox 939 2275 1194 2316; x_wconf 87' lang='lat' dir='ltr'>significationes</span> <span class='ocrx_word' id='word_1_250' title='bbox 1218 2275 1421 2315; x_wconf 86' lang='lat' dir='ltr'>singulorum</span> <span class='ocrx_word' id='word_1_251' title='bbox 1442 2275 1579 2308; x_wconf 88' lang='lat' dir='ltr'>nimium</span> 
     </span>
     <span class='ocr_line' id='line_1_34' title="bbox 195 2324 524 2358; baseline 0 0"><span class='ocrx_word' id='word_1_252' title='bbox 195 2325 282 2358; x_wconf 87' lang='lat' dir='ltr'>inter</span> <span class='ocrx_word' id='word_1_253' title='bbox 304 2334 339 2358; x_wconf 87' lang='lat' dir='ltr'>se</span> <span class='ocrx_word' id='word_1_254' title='bbox 361 2324 524 2358; x_wconf 87' lang='lat' dir='ltr'>differunt.</span> 
     </span>
    </p>

    <p class='ocr_par' dir='ltr' id='par_1_12' title="bbox 195 2374 1579 2518">
     <span class='ocr_line' id='line_1_35' title="bbox 282 2374 1579 2415; baseline -0.001 -8"><span class='ocrx_word' id='word_1_255' title='bbox 282 2377 321 2415; x_wconf 68' lang='lat'>⁴¹)</span> <span class='ocrx_word' id='word_1_256' title='bbox 344 2375 489 2407; x_wconf 85' lang='lat' dir='ltr'>Sonandi</span> <span class='ocrx_word' id='word_1_257' title='bbox 511 2375 601 2408; x_wconf 89' lang='lat' dir='ltr'>notio</span> <span class='ocrx_word' id='word_1_258' title='bbox 624 2386 689 2409; x_wconf 88' lang='lat' dir='ltr'>non</span> <span class='ocrx_word' id='word_1_259' title='bbox 713 2376 818 2409; x_wconf 87' lang='lat' dir='ltr'>solum</span> <span class='ocrx_word' id='word_1_260' title='bbox 840 2376 875 2408; x_wconf 91' lang='lat' dir='ltr'>in</span> <span class='ocrx_word' id='word_1_261' title='bbox 896 2375 1003 2408; x_wconf 90' lang='lat' dir='ltr'>avium</span> <span class='ocrx_word' id='word_1_262' title='bbox 1026 2375 1210 2407; x_wconf 89' lang='lat' dir='ltr'>nominibus</span> <span class='ocrx_word' id='word_1_263' title='bbox 1231 2374 1388 2415; x_wconf 88' lang='lat' dir='ltr'>primaria</span> <span class='ocrx_word' id='word_1_264' title='bbox 1409 2374 1488 2413; x_wconf 80' lang='lat' dir='ltr'>fuit,</span> <span class='ocrx_word' id='word_1_265' title='bbox 1520 2374 1579 2407; x_wconf 85' lang='lat' dir='ltr'>sed</span> 
     </span>
     <span class='ocr_line' id='line_1_36' title="bbox 197 2420 1577 2468; baseline -0.004 -10"><span class='ocrx_word' id='word_1_266' title='bbox 197 2435 235 2458; x_wconf 84' lang='lat' dir='ltr'>eo</span> <span class='ocrx_word' id='word_1_267' title='bbox 259 2435 388 2467; x_wconf 89' lang='lat' dir='ltr'>quoque</span> <span class='ocrx_word' id='word_1_268' title='bbox 410 2425 586 2467; x_wconf 81' lang='lat' dir='ltr'>perspicua</span> <span class='ocrx_word' id='word_1_269' title='bbox 608 2431 675 2465; x_wconf 84' lang='lat' dir='ltr'>est,</span> <span class='ocrx_word' id='word_1_270' title='bbox 708 2426 796 2468; x_wconf 87' lang='lat' dir='ltr'>quod</span> <span class='ocrx_word' id='word_1_271' title='bbox 818 2426 944 2468; x_wconf 71' lang='grc' dir='ltr'><em>κρέκειν</em></span> <span class='ocrx_word' id='word_1_272' title='bbox 967 2420 1079 2459; x_wconf 77' lang='grc' dir='ltr'><em>αὐλόν,</em></span> <span class='ocrx_word' id='word_1_273' title='bbox 1106 2421 1230 2454; x_wconf 69' lang='grc' dir='ltr'><em>δόνακα</em></span> <span class='ocrx_word' id='word_1_274' title='bbox 1255 2424 1326 2457; x_wconf 81' lang='lat' dir='ltr'>sim.</span> <span class='ocrx_word' id='word_1_275' title='bbox 1352 2423 1523 2463; x_wconf 56' lang='lat' dir='ltr'>dicuntum</span> <span class='ocrx_word' id='word_1_276' title='bbox 1547 2433 1577 2455; x_wconf 87' lang='lat' dir='ltr'>v.</span> 
     </span>
     <span class='ocr_line' id='line_1_37' title="bbox 195 2476 642 2518; baseline -0.004 -10"><span class='ocrx_word' id='word_1_277' title='bbox 195 2476 363 2518; x_wconf 58' lang='lat' dir='ltr'>Aristoph„</span> <span class='ocrx_word' id='word_1_278' title='bbox 389 2486 438 2509; x_wconf 70' lang='lat' dir='ltr'>av.</span> <span class='ocrx_word' id='word_1_279' title='bbox 463 2478 523 2508; x_wconf 81' lang='lat'>682</span> <span class='ocrx_word' id='word_1_280' title='bbox 547 2476 587 2508; x_wconf 90' lang='lat' dir='ltr'>al.</span> <span class='ocrx_word' id='word_1_281' title='bbox 610 2476 642 2508; x_wconf 91' lang='lat'>11.</span> 
     </span>
    </p>

    <p class='ocr_par' dir='ltr' id='par_1_13' title="bbox 1309 2528 1326 2557">
     <span class='ocr_line' id='line_1_38' title="bbox 1309 2528 1326 2557; baseline 0 0"><span class='ocrx_word' id='word_1_282' title='bbox 1309 2528 1326 2557; x_wconf 82' lang='lat'><strong>3</strong></span> 
     </span>
    </p>
   </div>
  </div>
 </body>
</html>
