1808 2965
651 0 772 12 ''norw-ww·-
788 0 824 3 η,
889 0 893 2 .
918 0 943 8 -r

913 299 962 338 37

243 405 376 455 indog.
406 411 494 455 trop
523 406 701 451 revocat3
730 413 816 441 cum
844 403 911 442 lat.
940 410 1122 455 torquere
1148 416 1204 453 gr.
1230 402 1466 454 ταράσσειν,
1495 403 1627 442 theod.

245 464 411 517 drdlzjan
438 467 512 503 cet.
541 465 592 510 (v.
621 460 704 501 rad.
733 474 866 514 europ.
887 462 988 509 tarlf)
1018 465 1226 515 componit.
1282 464 1363 504 Sed
1391 463 1514 504 Curtii
1541 475 1628 503 sen-

243 527 368 566 tentia
395 524 563 575 primum
591 534 637 561 eo
665 523 969 573 commendatur,
998 524 1103 573 quod
1129 524 1236 575 apud
1261 525 1433 564 Graecos
1453 539 1475 562 κ
1496 536 1628 563 serva-

243 586 358 625 batur
383 584 425 622 in
452 579 666 633 ἄτρακτος,
695 580 890 636 ἀτρεκής,
919 597 944 623 a
971 583 1110 634 quibus
1137 587 1304 636 τρέπειν
1332 584 1533 635 segregari
1561 595 1628 623 ne-

243 646 336 697 quit.
390 641 548 683 Deinde
583 655 696 693 vero,
739 648 781 684 ut
815 643 1138 695 significationem
1175 646 1420 695 omittam⁴⁶),
1458 645 1626 684 alterum

241 705 412 753 accedit,
453 716 527 753 quo
556 706 722 752 τρέπειν
750 704 876 754 magis
902 705 953 743 ad
981 706 1049 743 lat.
1079 711 1239 756 torqueo
1267 706 1464 756 pertinere
1491 705 1625 744 videa-

241 770 321 814 tur,
364 763 467 814 quod
503 763 622 803 etiam
658 763 740 804 eius
773 763 991 816 litterarum
1025 765 1314 815 collocationis,
1356 778 1433 815 qua
1475 765 1623 805 vocalis

240 823 416 875 liquidae
454 823 734 874 praecedebat,
775 824 883 874 apud
917 824 1024 875 ipsos
1057 825 1229 865 Graecos
1264 826 1433 875 vestigia
1468 831 1625 865 servata

241 895 328 924 esse
368 884 557 924 videmus.
612 884 710 922 Dico
749 882 893 923 formas
930 885 981 923 ab
1014 884 1211 936 Hesychio
1252 885 1419 924 traditas
1461 883 1624 935 τερπώ-

239 947 375 993 μεθα·
412 942 687 994 τρεπώμεθα,
716 942 965 994 τετάρπετο·
996 943 1194 995 ἐτρέπετο
1232 945 1345 991 (haec
1380 945 1624 985 Lobeckium

239 1003 364 1054 fugit),
394 1015 490 1053 quas
517 1003 625 1042 nullo
653 1002 770 1041 modo
797 1002 853 1042 sic
881 1003 1071 1054 explicari
1099 1017 1235 1055 posse,
1265 1005 1377 1055 quasi
1404 1004 1487 1045 fieri
1514 1009 1624 1056 potu-

241 1065 333 1113 erit,
376 1069 417 1103 ut
445 1063 599 1112 ‘aliquis
634 1075 704 1113 pro
739 1065 879 1113 τρέπω
914 1063 1087 1103 traiectis
1121 1065 1261 1104 litteris
1296 1067 1436 1115 τέρπω
1467 1065 1623 1104 diceret'

240 1124 351 1172 (Lob.
379 1124 517 1164 Rhem.
546 1136 584 1174 p.
605 1125 682 1172 38),
711 1134 781 1173 per
808 1134 851 1162 se
877 1128 1053 1174 apparet.
1109 1125 1181 1163 Est
1208 1124 1313 1164 enim
1340 1125 1475 1174 procul
1504 1124 1624 1164 dubio

239 1183 471 1225 sumendum
516 1184 557 1223 in
602 1183 735 1232 aliqua
779 1183 948 1223 dialecto
976 1206 1028 1211 —
1056 1184 1205 1223 scilicet
1243 1196 1321 1234 qua
1359 1185 1412 1233 is,
1457 1197 1506 1224 ex
1547 1198 1623 1235 quo

239 1245 395 1295 glossae
422 1244 517 1283 illae
545 1244 709 1282 haustae
749 1247 857 1292 sunt,
900 1244 1081 1283 utebatur
1108 1266 1157 1270 -
1187 1255 1255 1283 eas
1290 1243 1435 1283 formas
1471 1245 1512 1283 in
1551 1246 1623 1283 lo-

239 1316 366 1355 quen
378 1304 435 1343 do
463 1303 664 1343 adhibitas
693 1307 731 1342 et
750 1303 915 1342 usitatas
933 1302 1074 1354 fuisse3
1094 1316 1187 1343 nam
1204 1304 1319 1343 aliter
1337 1305 1469 1344 nullus
1487 1311 1622 1345 auctor

238 1376 308 1404 eas
334 1365 376 1403 in
403 1363 610 1403 scribendo
630 1363 818 1402 adhibere
842 1363 979 1413 potuit.
1034 1364 1118 1402 Iam
1146 1376 1239 1403 vero
1268 1364 1301 1403 si
1328 1368 1468 1415 τρέπω
1496 1364 1622 1404 forma

239 1425 474 1476 primigenia
509 1424 663 1470 fuisset,
700 1423 732 1462 si
760 1422 920 1462 Fickius
956 1427 1060 1463 recte
1095 1436 1167 1463 scr.
1197 1430 1284 1475 trap
1314 1429 1387 1464 etc.
1415 1425 1620 1475 conferret,

238 1498 370 1525 nonne
410 1485 548 1524 mirum
594 1488 699 1523 esset
739 1483 910 1522 Graecos
952 1483 1081 1532 aliquo
1127 1489 1302 1535 tempore
1347 1489 1487 1535 τρέπω
1533 1499 1620 1524 cum

238 1549 397 1597 τέρπω,
434 1544 540 1584 cuius
577 1554 736 1594 prorsus
762 1542 843 1581 alia
870 1542 1101 1593 significatio
1130 1550 1223 1593 erat,
1253 1544 1494 1595 confudisse,
1532 1558 1620 1585 cum

240 1605 471 1656 praesertim
491 1625 542 1632 —
562 1607 603 1641 ut
621 1602 723 1640 infra
741 1601 962 1642 videbimus
979 1625 1031 1630 -
1049 1604 1245 1643 rarissime
1271 1605 1420 1644 vocalis
1446 1605 1620 1654 liquidae

329 1819 369 1858 4⁶)
392 1818 535 1858 Propter
556 1816 642 1847 hanc
664 1812 930 1846 verisimillimum
952 1815 990 1847 fit
1018 1815 1162 1847 radicem
1192 1820 1268 1858 trop
1298 1818 1328 1853 (*
1338 1820 1426 1859 ίαν-ρ)
1456 1818 1498 1849 ab
1527 1817 1621 1851 initio

237 1861 436 1901 fudiversam
458 1866 524 1899 isse
546 1875 566 1898 a
587 1864 656 1897 rad·
680 1862 769 1896 tarlc-
812 1866 878 1900 Sed
899 1864 1129 1898 difficultatem
1151 1868 1247 1906 parat
1272 1866 1372 1908 trepit
1400 1866 1500 1906 illud,
1533 1867 1621 1907 quod

237 1918 358 1951 Festus
379 1917 414 1949 in
435 1915 585 1949 vertendi
606 1914 740 1948 notione
763 1920 959 1956 usurpatum
980 1924 1053 1947 esse
1079 1915 1190 1946 tradit.
1234 1915 1373 1947 Videtur
1400 1916 1484 1948 haec
1514 1916 1620 1948 forma

237 1967 326 2000 sicut
346 1976 393 2008 gr.
418 1965 527 2004 τρὲπω
551 1981 592 1985 -
613 1963 653 1995 de
676 1975 740 2006 quo
763 1965 860 1998 nobis
890 1964 975 1996 idem
1003 1962 1276 2004 persuadebimus
1302 1984 1337 1987 —
1362 1964 1404 1997 ad
1437 1964 1508 1997 rad.
1544 1964 1620 1997 tarlc

238 2016 363 2056 redire,
397 2018 433 2047 ut
466 2013 679 2047 statuendum
702 2014 745 2047 sit
766 2015 831 2047 iam
853 2013 944 2056 apud
965 2012 1223 2046 Graecoitalieos
1246 2015 1367 2057 *crepo
1389 2014 1423 2046 in
1445 2014 1620 2056 torquendi

237 2067 269 2099 vi
299 2065 454 2106 usurpari
487 2068 641 2113 cpeptum
674 2074 754 2097 esse.
799 2064 898 2106 Apud
921 2063 1068 2096 Graecos
1090 2063 1159 2095 rad.
1184 2067 1392 2106 turp-trap,
1425 2073 1509 2104 quae
1524 2075 1552 2106 p
1575 2065 1618 2096 ab

238 2115 364 2155 origine
385 2113 502 2146 habuit
524 2115 557 2144 et
577 2113 801 2154 trepidare
823 2112 1035 2153 significavit,
1058 2114 1129 2144 tota
1149 2112 1365 2144 intermortua
1386 2111 1515 2143 videtur
1537 2112 1619 2148 (nisi

237 2163 323 2197 forte
345 2174 370 2194 π
391 2162 426 2195 in
447 2166 468 2202 β
490 2171 584 2195 verso
619 2163 747 2205 ταρβέω
780 2162 846 2195 huc
877 2161 1037 2204 pertinet,
1074 2161 1161 2203 quod
1190 2161 1356 2193 Walterus
1378 2160 1446 2193 KZ.
1470 2160 1534 2193 XII
1556 2164 1616 2194 379

238 2224 312 2247 cum
339 2213 397 2245 lat.
428 2212 628 2254 trep-idare,
662 2212 797 2245 Curtius
831 2215 941 2245 autem
962 2222 994 2252 p.
1017 2214 1078 2243 486
1110 2215 1246 2244 auctore
1277 2210 1410 2243 Kuhnio
1445 2221 1520 2242 cum
1552 2221 1616 2244 scr.

239 2258 313 2304 tarq‘
335 2261 496 2299 contulit).
540 2261 626 2293 Nam
647 2271 707 2294 nec
732 2261 919 2302 *τραπιλος
954 2260 1000 2299 (in
1029 2258 1241 2300 εὐ-τράπελος
1273 2263 1366 2298 σθω,
1406 2258 1494 2299 quod
1528 2260 1618 2293 haud

238 2311 337 2346 dubie
358 2320 378 2343 a
398 2310 533 2352 propria
557 2311 688 2352 τρέπειν
710 2310 801 2344 verbi
823 2309 957 2343 notione
978 2308 1165 2350 profectum
1187 2312 1253 2348 est,
1286 2319 1360 2342 cum
1382 2318 1447 2341 scr.
1471 2309 1617 2353 τζῬαῖα-,ς

240 2361 390 2394 conferre
419 2360 496 2391 licet
518 2361 624 2398 (Fick.
647 2372 678 2401 p.
704 2363 773 2398 83),
808 2369 869 2391 nec
893 2358 1145 2398 ειν-τρέπεσθαι,
1182 2358 1269 2398 quod
1294 2358 1429 2389 Fickius
1454 2368 1528 2390 cum
1550 2369 1614 2391 scr.

240 2413 316 2453 trap
339 2408 493 2451 pudere
516 2412 696 2450 comparat,
719 2407 896 2450 quidquam
917 2407 1048 2449 probat,
1072 2416 1146 2439 cum
1169 2406 1315 2449 pudendi
1337 2406 1505 2440 notionem
1527 2407 1616 2449 apud

238 2459 436 2501 posteriores
451 2458 772 2500 demumscriptores
795 2457 917 2491 habeat
940 2460 971 2490 et
993 2466 1074 2496 eam,
1098 2457 1126 2490 si
1148 2457 1226 2499 quid
1249 2457 1354 2498 video,
1378 2467 1398 2490 a
1420 2458 1617 2491 vertendi

240 2510 373 2543 notione
395 2508 576 2543 oriundam.
