1808 2965
794 0 807 7 τ
815 0 893 6 ῂ-υ-ψ,
900 0 1283 17 w-err-r-rvvw
1291 8 1300 15 ν

907 295 952 333 13

242 394 425 449 ἅμιθρός
460 410 530 449 pro
566 394 816 447 ἅριθμός“),
858 396 1075 451 Μιτυλήνη
1112 411 1182 450 pro
1211 395 1430 449 IlIv‘chvy'vr]
1444 396 1496 442 ¹²),
1525 396 1625 445 Sim.⁷

241 471 314 499 nec
339 458 469 501 minus
496 458 711 509 singularia
745 462 835 498 sunt
869 470 917 498 ea
952 458 1154 508 exempla,
1197 470 1298 508 quae
1332 456 1525 506 liquidam
1560 456 1625 495 vel

240 519 418 560 nasalem
446 530 532 557 cum
559 517 690 557 vicina
725 529 899 556 consona
934 518 1000 556 vel
1035 518 1301 568 compluribus
1339 517 1483 556 litteris
1523 527 1626 555 com-

239 582 429 619 mutatam
457 577 649 628 praebent
682 577 745 625 (cf.
782 576 804 627 ἓ
836 578 909 626 12),
951 577 1060 616 velut
1087 574 1279 628 Ἄτρεμις
1320 589 1390 627 pro
1424 574 1623 627 Ἄρτεμις,

242 638 393 691 δρίφος
419 650 490 689 pro
520 636 682 691 δίφρος,
712 634 940 688 ἅνδραγχος
966 649 1037 688 pro
1066 634 1304 687 ἄνδραχνος.

346 698 427 738 Sed
454 697 707 746 dubitaveris,
735 709 829 736 num
865 709 938 747 ego
973 701 1077 736 recte
1112 709 1267 736 omnem
1295 697 1546 737 metathesim
1575 708 1622 736 eo

240 752 446 809 explicem,
476 756 580 808 quod
604 756 754 807 aliquid
781 757 1042 808 praeripiatur
1068 757 1132 797 vel
1160 756 1407 808 anticipetur,
1436 757 1620 807 quoniam

239 820 351 871 ipsae
383 818 479 858 illae
512 818 684 867 litterae,
726 829 827 866 quae
860 817 1032 856 maxime
1067 830 1217 867 pronae
1255 824 1294 857 et
1320 829 1543 868 propensae
1569 817 1621 856 ad

226 878 487 919 metathesim
507 876 698 926 dicuntur,
726 876 769 915 in
788 876 1022 926 quibusdam
1042 877 1233 927 exemplis
1252 877 1497 927 postpositae
1524 876 1621 926 sint3

239 939 370 988 itaque
400 936 587 978 malueris
627 936 668 974 in
701 932 891 986 Ἄτρεμις
911 985 913 987 ¹
936 948 1007 985 pro
1042 934 1251 985 Ἄρτεμις,
1300 936 1505 975 σπεκλοῦν
1550 948 1622 985 pro

241 996 445 1038 σπλεκοῦν
474 994 508 1041 (Ῥ
526 1017 579 1023 —-
597 994 645 1034 cf.
665 998 686 1040 ξ
709 996 783 1044 12),
812 1009 847 1045 ρ,
884 995 906 1033 λ
941 996 1160 1046 postposita
1187 1007 1304 1045 quam
1339 1010 1380 1043 τ,
1424 1010 1470 1035 εκ
1510 1006 1622 1046 prae-

238 1057 367 1109 posita
411 1055 554 1095 dicere.
609 1055 760 1094 Tamen
805 1054 875 1093 ad
902 1066 985 1094 rem
1029 1055 1156 1106 ipsam
1201 1056 1275 1094 hoc
1319 1067 1478 1105 prorsus
1522 1055 1622 1094 nihil

240 1116 380 1156 differt.
435 1113 550 1163 Quod
596 1114 700 1154 enim
745 1114 921 1165 liquidae
965 1115 1177 1166 praecipue
1220 1114 1430 1154 metathesi
1474 1115 1622 1164 favent,

237 1177 347 1217 nullo
374 1175 491 1216 modo
519 1174 649 1215 studio
677 1174 832 1214 cuidam
868 1175 973 1215 sedis
1008 1175 1223 1215 mutandae
1259 1175 1315 1215 eis
1349 1174 1467 1215 insito
1503 1175 1624 1214 tribu-

239 1237 383 1277 endum
417 1239 494 1282 est,
535 1235 606 1274 sed
633 1234 727 1275 inde
753 1234 1030 1285 repetendum,
1068 1236 1171 1285 quod
1201 1247 1272 1275 eae
1299 1247 1386 1274 cum
1414 1235 1454 1274 in
1482 1235 1623 1275 mediis

237 1296 440 1336 vocabulis
476 1299 514 1335 et
546 1295 799 1345 sequentibus
827 1299 866 1335 et
893 1295 1222 1347 praecedentibus
1250 1295 1432 1335 consonis
1459 1295 1623 1345 adiungi

238 1357 401 1407 possint,
429 1356 489 1394 illi
515 1355 752 1405 properandi
781 1355 929 1405 studio,
967 1368 1042 1406 quo
1079 1355 1253 1395 confusio
1282 1360 1321 1395 et
1347 1356 1621 1395 transmutatio

237 1416 457 1457 litterarum
485 1414 666 1465 efficitur,
696 1414 812 1455 facile
847 1416 1095 1456 cesserint
1129 1415 1261 1465 itaque
1296 1428 1339 1456 se
1366 1428 1452 1455 cum
1482 1416 1621 1456 vicinis

237 1476 377 1516 litteris
404 1475 632 1514 commutari
659 1475 927 1525 patiantur.
982 1475 1029 1514 Id
1057 1488 1150 1514 vero
1183 1488 1262 1514 non
1297 1476 1338 1514 in
1374 1477 1431 1516 018
1467 1480 1619 1515 tantum

237 1535 428 1586 exemplis
456 1535 628 1574 valuisse
654 1539 839 1586 apparet,
879 1534 946 1574 ubi
973 1535 1085 1585 ipsae
1111 1535 1285 1585 liquidae
1312 1541 1619 1587 praeponuntur,

237 1595 307 1636 sed
333 1596 376 1635 in
404 1595 460 1635 eis
489 1606 654 1645 quoque,
684 1595 751 1634 ubi
779 1595 925 1635 diversi
951 1595 1107 1646 generis
1125 1596 1259 1635 littera
1278 1596 1493 1647 anticipata
1514 1601 1621 1647 post-

236 1659 445 1707 ponuntur.
499 1654 655 1694 Etenim
698 1654 848 1707 ὁρίφος
888 1656 1115 1706 praeposita
1151 1655 1303 1705 liquida
1342 1669 1413 1706 pro
1457 1655 1619 1708 δίφρος,

223 1713 414 1766 Ἄτρεμις
442 1718 550 1755 muta
581 1715 807 1766 praeposita
841 1727 911 1766 pro
935 1712 1141 1765 Ἄρτεμις,
1185 1716 1389 1756 σπεκλοῖν
1426 1731 1470 1756 εκ
1506 1728 1621 1767 prae-

237 1776 435 1826 occupatis
461 1788 532 1825 pro
561 1774 764 1814 σπλεκοῦν
785 1775 869 1819 ,(1101
906 1779 1133 1826 potuerunt,
1176 1776 1267 1825 quia
1301 1777 1417 1816 facile
1455 1776 1521 1827 ὁρ,
1558 1792 1617 1827 τρ,

238 1850 285 1887 κρ
315 1835 651 1886 coniungebantur
677 1838 749 1874 cet.
803 1835 861 1874 Ac
889 1847 974 1874 cum
1012 1847 1060 1875 cx
1095 1835 1164 1874 illo
1200 1836 1441 1886 properandi
1476 1836 1618 1887 studio,

325 2011 361 2049 ¹¹)
383 2009 424 2042 E.
447 2010 494 2042 Μ.
519 2013 568 2050 83,
592 2013 648 2042 42:
673 2008 881 2051 ἀμιθρῆσαι·
904 2010 1096 2051 Σιμωνίδης
1118 2010 1178 2041 τὸν
1202 2009 1353 2052 ἀριθμὸν
1377 2010 1528 2053 ἆμιθρὸν
1550 2009 1619 2044 εἷπε

236 2057 318 2089 καθ’
345 2057 527 2103 ὑπέρθεσιν
548 2079 588 2084 -
610 2071 639 2093 v.
653 2060 774 2101 Bergk.
797 2059 899 2101 Lyr.³
921 2070 951 2100 p.
973 2062 1062 2098 1197,
1085 2059 1125 2092 fr.
1151 2062 1210 2093 225
1234 2061 1307 2093 coll.
1332 2062 1375 2094 ad
1397 2062 1436 2094 fr.
1467 2065 1521 2093 125
1545 2073 1573 2094 v.
1588 2066 1617 2094 5.

236 2108 361 2141 Gallim.
385 2108 425 2141 fr.
450 2112 510 2142 339
545 2107 697 2153 ιἰμιθρὲω
731 2110 866 2143 verbum
898 2109 999 2142 habet
1031 2113 1063 2142 et
1097 2110 1138 2143 al.
1169 2111 1356 2144 testimonia
1386 2122 1414 2144 v.
1446 2112 1480 2144 111
1503 2112 1617 2155 Steph.

234 2158 318 2190 thes.
343 2168 409 2191 s.v.
447 2159 532 2200 Quin
555 2157 702 2203 ἀριθμός
723 2160 829 2193 forma
851 2159 1042 2200 primigenia
1064 2160 1116 2198 sit,
1140 2160 1274 2192 dubium
1297 2171 1363 2193 non
1381 2165 1441 2199 est,
1466 2160 1508 2193 cf.
1525 2161 1616 2194 Curt.

235 2216 266 2248 p.
292 2209 363 2238 317.
386 2226 429 2231 —-
451 2208 562 2240 Simile
596 2212 645 2241 est
675 2209 799 2250 θὶδραξ
819 2225 860 2236 =
881 2208 964 2249 vulg.
991 2208 1128 2250 δρίθαξ;
1164 2209 1203 2242 (10
1233 2210 1296 2242 1100
1329 2214 1361 2242 01
1384 2210 1455 2242 aliis
1479 2220 1507 2242 v,
1532 2210 1616 2243 Lob.

236 2264 307 2297 cap.
330 2255 363 2288 II
386 2258 421 2297 §.¹
442 2260 471 2291 3.
516 2258 643 2291 Eadem
676 2262 726 2291 est
747 2258 937 2291 metathesis
970 2258 1003 2290 in
1026 2259 1135 2291 theod.
1167 2260 1253 2302 esse'q
1277 2277 1316 2287 =
1339 2264 1405 2301 got.
1430 2259 1539 2299 (τῖε-εῖτ,
1561 2261 1618 2293 lat.

235 2309 365 2339 acetum
388 2309 449 2338 cet.
473 2318 502 2339 v.
526 2308 614 2340 Pott.
638 2309 658 2340 l.
682 2309 703 2341 l.
1226 2332 1228 2334 -

324 2356 360 2394 12)
383 2354 474 2387 Haec
509 2361 598 2389 certe
631 2358 812 2390 secundum
844 2361 984 2390 veterem
1015 2358 1263 2399 grammaticum
1296 2366 1337 2391 (v.
1361 2358 1447 2391 Lob.
1480 2369 1513 2400 p.
1544 2361 1617 2398 522)

234 2404 340 2438 forma
371 2404 528 2446 primaria
562 2411 620 2439 est.
666 2407 790 2439 Similia
818 2407 1007 2439 metathesis
1038 2408 1185 2449 exempla
1214 2409 1316 2440 habes
1349 2418 1403 2450 ap.
1427 2409 1509 2441 Lob.
1535 2418 1562 2440 c.
1587 2409 1619 2440 II

236 2455 266 2495 ξ.
290 2458 309 2487 4
332 2458 364 2487 01
388 2458 415 2486 5.
431 2473 469 2477 —
485 2455 643 2488 Fortasse
664 2456 827 2488 interdum
851 2456 947 2488 etiam
969 2456 1073 2488 maior
1094 2456 1276 2489 litterarum
1299 2458 1504 2499 perturbatio
1528 2457 1619 2490 facta

236 2508 296 2544 est,
321 2505 348 2538 si
371 2504 530 2547 quaedam
553 2515 572 2537 a
595 2505 765 2540 Lobeckio
788 2506 888 2539 allata
911 2507 944 2538 in
967 2516 1028 2538 usu
1051 2505 1153 2539 fuisse
1178 2507 1311 2540 credere
1334 2508 1420 2540 licet.
