1808 2965
761 866 1066 923 VITA.

280 1066 290 1078 ,
320 1028 406 1076 Ego
425 1027 615 1067 Alcuinus
633 1028 763 1068 Iustus
782 1028 1036 1077 Siegismund
1056 1040 1092 1067 a.
1109 1027 1398 1068 CIOIOGCGLI
1419 1026 1454 1066 d.
1473 1027 1604 1067 XXV.

224 1111 276 1138 m.
304 1098 408 1138 Iunii
437 1099 598 1149 Lipsiae
625 1103 742 1139 natus
770 1112 855 1139 sum
882 1104 996 1150 patre
1023 1099 1247 1140 Guilhelmo
1274 1103 1399 1139 matre
1424 1099 1606 1139 Iohanna

226 1170 276 1211 de
293 1175 412 1221 gente
426 1171 582 1221 Milller,
603 1171 744 1221 quibus
764 1172 977 1211 etiamnum
990 1172 1215 1212 viventibus
1228 1171 1392 1222 gaudeo.
1421 1171 1607 1211 Scholam

223 1242 470 1293 frequentavi
502 1243 771 1293 Thomanam,
808 1256 909 1293 quae
944 1244 1008 1283 hic
1034 1245 1265 1284 Ecksteinio
1293 1248 1444 1283 rectore
1480 1243 1604 1284 floret.

224 1314 303 1354 Ubi
330 1300 417 1354 cum
445 1327 517 1365 per
544 1318 696 1365 septem
723 1328 850 1354 annos
878 1320 917 1355 et
944 1315 1148 1370 dimidium
1175 1319 1349 1355 moratus
1384 1319 1424 1355 et
1460 1315 1604 1365 dignus

221 1386 408 1426 inventus
422 1398 562 1436 essem,
578 1387 644 1436 qui
658 1387 953 1427 universitatem
967 1388 1129 1438 adirem,
1144 1381 1180 1427 a.
1192 1386 1604 1428 CIOIOCOCLXVIII

222 1472 274 1498 m.
304 1457 464 1498 Octobri
491 1459 594 1498 inter
616 1459 735 1499 -huius
761 1459 990 1499 academiae
1017 1460 1124 1499 cives
1151 1464 1332 1510 receptus
1359 1472 1444 1499 sum
1477 1460 1604 1510 philo-

220 1531 353 1581 logiae
387 1530 606 1571 studiosum
642 1542 705 1571 me
739 1531 948 1582 professus.
1002 1531 1149 1571 Audivi
1182 1532 1288 1571 viros
1315 1531 1602 1571 illustrissimos

220 1602 533 1642 Brockhausium
562 1602 736 1643 Curtium
763 1603 1039 1643 Drobischium
1057 1603 1331 1644 Ecksteinium
1353 1603 1601 1644 Fechnerum

220 1675 552 1716 Hildebrandium
580 1676 778 1716 Klotzium
805 1676 999 1727 Langium
1021 1677 1277 1717 Leskienium
1305 1675 1600 1717 Overbeckium

220 1748 478 1788 Ritschelium
507 1749 705 1799 Voigtium
733 1750 983 1798 Zarncffium,
1013 1749 1212 1789 seminarii
1244 1750 1471 1801 philologici
1500 1749 1597 1800 regii

220 1825 280 1861 ter
309 1833 379 1861 sex
405 1833 562 1861 menses
591 1821 739 1861 sodalis
766 1821 821 1860 fui
848 1821 1079 1871 ordinarius,
1113 1805 1365 1862 societatibus
1391 1821 1599 1862 Ritschelii

220 1893 459 1944 philolog-ae,
488 1893 770 1943 grammaticae
789 1893 911 1933 Curtii
930 1894 1144 1942 etiamnum
1170 1894 1373 1934 intersum.
1404 1892 1602 1933 ,Omnibus

219 1970 351 2005 autem
378 1965 461 2005 illis
488 1966 601 2015 viris,
638 1969 681 2004 ut
708 1966 774 2016 qui
802 1966 947 2017 optime
974 1966 1025 2006 de
1051 1978 1115 2006 me
1142 1966 1270 2006 meriti
1297 1966 1394 2016 sint,
1430 1966 1599 2016 gratiam

218 2038 346 2078 habeo
375 2050 492 2088 quam
526 2038 751 2089 maximam,
788 2039 1000 2090 praecipue
1027 2038 1179 2089 Curtio,
1217 2039 1282 2090 qui
1309 2051 1380 2090 per
1407 2050 1598 2078 summam

220 2123 332 2151 suam
360 2097 679 2152 benevolentiam
706 2124 770 2152 me
797 2113 839 2152 in
867 2113 924 2156 eis
952 2112 1196 2163 potissimum
1224 2111 1381 2162 studiis,
1410 2099 1468 2151 ad
1496 2122 1599 2162 quae

217 2184 317 2224 haec
344 2183 566 2224 dissertatio
594 2185 778 2235 pertinet,
807 2184 970 2225 adiuvit.
