1808 2965
899 290 943 326 17

225 393 382 441 les-taff,
414 393 482 433 zd.
509 392 662 430 kere-to
691 410 741 422 =
768 390 900 441 indog.
936 389 1137 428 *ΕΜ-τως
1164 412 1214 418 -
1242 389 1381 430 eodem
1417 390 1616 441 pertinere

226 452 518 493 animadvertit.
585 451 688 490 Hinc
728 462 823 490 vero
864 451 919 490 ita
961 450 1179 490 concludit:
1225 450 1296 490 ‘Im
1345 450 1614 501 allgemeinen

225 514 387 555 werden
404 507 476 552 wir
495 510 573 551 den
595 510 766 551 wechsel
793 523 871 550 von
899 524 954 549 ar
979 511 1061 550 und
1088 524 1142 548 ra
1170 510 1265 551 oder
1292 510 1414 551 deren
1441 509 1617 551 reflexen

225 586 296 613 vor
330 575 621 619 consonanten⁷
664 571 740 610 wie
774 583 816 610 er
850 584 881 609 z,
910 571 948 609 b.
977 571 1077 609 auch
1114 570 1155 609 in
1184 583 1257 610 scr.
1285 571 1401 608 mar-d.
1424 592 1477 598 -—
1504 570 1620 607 mrad

224 634 307 673 und
333 630 572 681 unzahligen
599 630 774 670 anderen
801 630 843 669 in
870 630 978 670 allen
998 629 1397 681 indogermanischen
1416 630 1612 681 sprachen

225 692 439 738 erscheint,
481 691 522 730 in
559 690 678 730 deren
714 691 852 730 alten
886 691 1037 730 formen
1072 703 1143 730 aus
1177 690 1246 729 der
1274 690 1610 736 (vermittelnden)

223 750 463 801 aussprache
503 762 574 787 ara
614 750 800 789 erkl'aren
840 749 921 788 und
962 749 1086 789 damit
1126 749 1186 789 fiir
1219 763 1243 786 ν
1277 749 1360 788 und
1387 750 1402 786 l
1428 749 1493 789 die
1529 761 1614 788 an-

222 811 401 851 nahme
443 810 529 850 der
569 810 864 851 metathesis
905 810 1143 860 wenigstens
1178 823 1250 850 aus
1284 809 1365 850 den
1392 810 1501 849 alten
1530 813 1612 849 ent-

222 871 501 919 wickelungen
543 870 671 910 dieser
706 870 899 920 sprachen
934 870 1187 908 verbannen’.
1242 869 1382 918 Itaque
1409 869 1610 919 Benfeyus

223 940 257 969 e.
285 941 323 979 g.
352 941 425 968 scr.
461 929 584 979 yrablz
622 933 787 981 (capere)
822 941 872 968 ex
906 928 1028 979 yarblz
1065 929 1121 972 (m
1154 927 1335 978 9arbha·)
1371 928 1515 968 collato
1549 927 1611 967 zd.

220 1002 390 1040 yerewa-
428 1002 499 1039 per
538 990 702 1028 formam
742 988 1018 1028 intermediam
1063 987 1258 1037 *qarobm
1306 992 1425 1037 atque
1470 988 1611 1027 eadem

220 1049 375 1089 ratione
400 1061 456 1099 gr.
479 1048 617 1101 φλέγω
646 1049 714 1087 lat.
733 1048 869 1100 flam-o
899 1059 948 1087 ex
975 1047 1108 1098 indog.
1136 1046 1289 1098 *bivar-9
1317 1053 1390 1087 cet.
1420 1051 1505 1087 orta
1523 1059 1612 1088 esse

221 1113 352 1160 putat,
393 1109 451 1148 ita
484 1113 526 1147 ut
561 1109 728 1159 primum
763 1108 995 1159 anaptyxis,
1040 1107 1187 1147 deinde
1214 1119 1389 1159 syncope
1416 1108 1520 1147 facta
1547 1108 1610 1146 sit.

222 1168 410 1215 Quamvis
437 1180 531 1208 vero
559 1168 655 1207 mihi
684 1167 785 1207 duae
811 1168 908 1207 illae
934 1167 1164 1207 affectiones
1192 1171 1276 1206 arte
1295 1167 1519 1207 cohaesisse
1536 1179 1610 1206 nec

220 1228 370 1267 formae
409 1227 669 1267 intermediae
708 1228 785 1267 nisi
829 1228 870 1266 in
915 1227 1052 1277 paucis
1097 1227 1301 1266 vocabulis
1348 1226 1493 1265 diutius
1538 1239 1611 1265 usu

220 1288 379 1327 venisse
406 1286 615 1326 videantur
625 1286 684 1336 ¹⁹),
721 1291 854 1326 tamen
881 1286 931 1326 de
959 1299 1111 1326 summa
1136 1287 1192 1327 rei
1220 1299 1300 1326 non
1328 1299 1488 1337 possum
1516 1287 1610 1336 quin

220 1347 397 1398 Benfeyo
425 1347 631 1386 assentiar.

326 1407 396 1445 Est
411 1406 516 1445 enim
530 1417 717 1455 magnum
734 1404 943 1444 discrimen
958 1405 1061 1444 inter
1074 1411 1204 1445 cetera
1217 1406 1447 1446 metathesis
1459 1417 1609 1455 genera

220 1469 259 1505 et
294 1466 369 1504 hoc
403 1477 544 1515 genus,
582 1464 687 1514 quod
713 1464 785 1503 illa
811 1464 864 1503 ad
892 1465 1108 1504 recentiora
1134 1469 1313 1516 tempora
1339 1466 1540 1516 pertinent
1567 1470 1607 1505 et

219 1525 287 1563 vix
313 1537 440 1575 pauca
467 1525 652 1574 exempla
678 1522 731 1562 ad
758 1524 1015 1575 complurium
1036 1525 1263 1576 'linguarum
1292 1526 1607 1565 communionem

218 1584 347 1625 redire
365 1583 610 1631 videnturm),
639 1583 877 1633 liquidarum
906 1589 945 1624 et
962 1585 1157 1624 nasalium
1177 1598 1263 1624 cum
1282 1586 1486 1624 vocalibus
1505 1598 1608 1625 com-

217 1643 381 1682 mutatio
405 1643 483 1681 iam
503 1643 788 1692 antiquissimis
806 1644 1046 1693 temporibus
1065 1644 1240 1683 admissa
1258 1649 1329 1691 est,
1356 1649 1400 1683 ut
1417 1644 1521 1682 infra
1539 1656 1608 1694 ap-

217 1702 384 1754 parebit.
438 1702 568 1751 Atque
588 1701 697 1740 haud
718 1702 837 1742 dubie
856 1703 1151 1743 concedendum
1171 1708 1231 1743 est
1247 1704 1348 1743 illud
1365 1703 1607 1754 properandi

217 1761 389 1802 studium
416 1761 700 1811 antiquissimis
733 1762 973 1812 temporibus
1000 1776 1080 1802 non
1099 1767 1250 1802 tantum
1269 1763 1455 1813 valuisse,
1483 1774 1605 1813 quan-

217 1827 299 1862 tum
334 1822 441 1862 idem
478 1822 695 1861 recentiore
729 1825 907 1872 tempore
940 1845 992 1850 —
1025 1836 1111 1861 cum
1147 1824 1428 1862 vocabulorum
1454 1822 1604 1861 formae

217 1882 344 1932 magis
362 1881 566 1931 magisque
584 1884 835 1920 attenuentur
854 1885 893 1920 et
911 1881 1137 1920 minuantur
1148 1883 1342 1921 —valere
1360 1881 1541 1921 videmus
1550 1883 1603 1928 ²¹).

218 1941 315 1981 Cum
343 1953 436 1980 vero
464 1941 539 1980 hac
568 1939 617 1979 de
645 1952 764 1980 causa
790 1941 942 1979 initium
967 1941 1119 1991 cepisse
1137 1942 1211 1981 hoc
1230 1942 1461 1981 metathesis
1479 1953 1604 1991 genus

305 2092 343 2131 ¹⁹)
365 2092 419 2124 Sic
442 2101 482 2124 ex
505 2091 688 2133 *zapZ-jw,
727 2091 918 2133 *taq'lx-J'w
952 2095 1010 2123 aut
1042 2092 1220 2134 *tapaij
1254 2092 1359 2124 vocali
1392 2095 1490 2124 antea
1518 2092 1601 2124 irra-

217 2141 333 2174 tionali
354 2142 449 2182 plene
471 2141 612 2182 prolata,
635 2144 693 2172 aut
715 2141 907 2182 *ταραχ]ω,
934 2141 1093 2183 *maij
1117 2140 1250 2182 prodiit.

301 2191 341 2227 ²⁰)
363 2189 450 2222 Nam
473 2191 572 2232 quod,
596 2190 683 2222 sicut
705 2189 825 2222 Graeci
848 2200 887 2220 σκ
909 2189 943 2222 in
965 2191 999 2225 ξ,
1034 2189 1106 2222 Indi
1127 2188 1166 2222 slc
1188 2189 1222 2221 in
1243 2188 1305 2221 lcslz
1336 2193 1547 2223 mutaverunt
1569 2194 1603 2223 et

216 2244 254 2273 ut
282 2239 330 2271 illi
359 2241 567 2274 metathesim
601 2240 812 2282 aspirationis
845 2239 1063 2280 admiserunt,
1099 2239 1133 2271 in
1166 2248 1204 2271 eo
1237 2239 1386 2281 utrisque
1417 2240 1603 2281 posteriore

217 2293 366 2332 tempore
381 2291 573 2324 convenisse
588 2293 680 2332 puto,
703 2289 791 2331 quod
806 2288 934 2330 quidem
956 2289 1019 2321 hoc
1040 2288 1114 2321 loco
1137 2289 1268 2330 longum
1291 2293 1341 2321 est
1362 2290 1600 2323 demonstrare.

301 2339 340 2375 2¹)
362 2337 403 2369 In
433 2339 673 2372 recentioribus
702 2338 850 2370 dialectis
881 2337 1055 2370 cuiuslibet
1085 2338 1213 2379 generis
1245 2339 1436 2371 metathesis
1470 2340 1602 2381 saepius

217 2388 370 2422 occurrit.
417 2386 464 2418 Of.
503 2388 542 2420 de
571 2389 684 2429 lingua
712 2387 816 2419 latina
848 2387 973 2428 vulgari
1007 2386 1214 2420 Schuchardt
1247 2388 1478 2421 ‘Vocalismus'
1501 2389 1517 2420 I
1542 2391 1600 2421 139

216 2438 249 2470 Π
265 2441 336 2478 527,
360 2438 400 2470 de
421 2437 540 2478 linguis
563 2437 701 2470 Roman.
725 2448 755 2469 v.
769 2436 865 2469 Dietz
878 2447 1010 2478 gramm.
1034 2437 1050 2468 Ι
1070 2440 1136 2468 191.
1161 2439 1231 2476 208,
1255 2437 1360 2470 Ebert
1381 2438 1414 2470 in
1426 2437 1600 2470 Ritschelii

218 2497 332 2530 opusc.
356 2487 388 2519 II
410 2489 469 2518 540
492 2486 566 2519 adn.

1301 2541 1346 2571 2*
