1808 2965
899 280 947 318 38

226 380 614 434 p1·aeponeretur‘?⁴⁷)
687 381 810 430 Igitur
855 381 974 431 longe
1014 381 1259 431 probabilius
1304 380 1360 420 sic
1406 384 1618 422 statuetur:

226 442 385 482 Radicis
421 446 654 491 torquere
690 440 948 491 significantis
982 441 1108 480 forma
1143 440 1421 491 graecoitalica
1451 438 1619 478 *tarltv-

227 503 310 551 suit,
340 514 361 541 e
390 514 467 550 qua
494 502 564 539 lat.
594 507 754 551 torqueo
785 513 842 551 gr.
872 504 1012 552 τέρπευ
1049 500 1208 551 prodiit.
1264 501 1348 539 Iam
1391 511 1478 539 cum
1519 499 1619 539 haec

227 562 353 600 forma
372 565 532 612 propter
559 560 857 601 similitudinem
886 564 1055 612 τέρπειν
1082 560 1192 600 verbi
1220 559 1475 600 delectare
1502 559 1620 609 signi—

227 620 381 660 ficantis
416 621 483 658 vix
519 632 591 671 per
626 620 787 670 longum
816 621 1003 670 temporis
1031 620 1199 670 spatium
1227 619 1393 659 ferretur
1418 620 1552 670 itaque
1578 618 1619 658 in

228 684 369 730 τρέπω
409 684 645 729 verteretur,
689 684 821 718 tamen
856 679 897 717 in
935 678 1103 718 dialecto
1138 679 1273 728 aliqua
1299 701 1351 706 —
1379 679 1513 718 dorica
1546 678 1621 718 for-

227 744 335 780 tasse
363 762 414 767 —
442 740 505 779 hic
533 740 614 779 illic
649 739 840 789 pristinae
877 738 1026 778 formae
1060 742 1103 777 ut
1139 737 1239 777 illud
1276 737 1505 790 τετάρπετο
1534 739 1619 780 sim.

229 801 501 840 servabantur.
530 822 583 827 —
609 800 740 839 Etiam
771 797 963 849 Άταρπώ
1005 799 1154 838 Parcae
1198 810 1364 848 nomen,
1411 799 1515 849 quod
1547 800 1621 839 Lo-

229 861 396 901 beckius
415 861 441 899 l.
461 861 487 899 1.
508 872 595 899 cum
618 856 827 908 ’Ἀτροπος
854 859 1084 909 composuit,
1113 859 1224 898 salvo
1243 859 1462 898 litterarum
1482 859 1621 899 ordine

231 933 280 960 ex
309 921 449 960 eadem
476 919 610 958 radice
639 918 833 969 prodiisse
860 918 1028 958 videtur.

337 982 385 1019 20
397 980 431 1019 b.
461 977 669 1029 ἀτραπός,
707 975 938 1028 ἀτραπιτός
974 982 1127 1018 veteres
1156 989 1177 1017 e
1205 980 1374 1030 τρέπειν
1401 978 1522 1018 verbo
1553 977 1621 1017 du·

230 1045 391 1089 xerunt,
433 1039 480 1078 cf.
523 1038 715 1089 Hesyeh.:
763 1036 970 1088 ἀτραπός·
1012 1036 1111 1084 ὁδὸς
1154 1036 1378 1088 ἄτρεπτος,
1421 1039 1620 1078 Eustath.:

233 1099 355 1151 στενὴ
395 1097 495 1144 ὁδὸς
532 1099 599 1136 καὶ
637 1096 846 1149 διηνεκὴς,
875 1096 931 1146 μὴ
970 1096 1119 1145 ἔχουσα
1156 1096 1383 1149 ἐκτροπὰς,
1427 1095 1532 1136 καθ’
1572 1095 1620 1148 ἣν

233 1157 305 1198 οὐκ
350 1157 462 1197 ἔστιν
510 1156 779 1208 ἐκτραπῆναι.
836 1155 949 1202 Quod
994 1156 1027 1195 si
1072 1158 1323 1207 probaretur,
1370 1157 1622 1196 statuendum

231 1222 336 1258 esset
376 1218 476 1256 haec
516 1216 713 1255 vocabula
754 1215 936 1254 similiter
976 1219 1095 1265 atque
1113 1214 1315 1267 Ἄτροπος
1356 1228 1500 1256 nomen
1542 1216 1622 1255 vim

230 1278 431 1329 passivam
460 1274 712 1316 continuisse.
768 1274 848 1315 Sed
886 1276 1064 1325 quamvis
1099 1289 1149 1317 ne
1184 1289 1277 1316 usus
1313 1275 1471 1326 quidem
1509 1288 1622 1328 repu-

231 1342 345 1388 gnet,
389 1349 527 1376 vereor
568 1340 610 1375 ut
649 1335 749 1374 illud
790 1335 1049 1384 i'eriloquium
1086 1337 1293 1386 probabile
1320 1337 1514 1377 videatur.
1570 1337 1623 1376 Ut

233 1401 367 1437 autem
397 1395 590 1445 liquidam
627 1396 668 1433 in
704 1394 766 1433 his
802 1406 956 1444 quoque
994 1396 1198 1435 vocabulis
1238 1396 1494 1447 anticipatam
1536 1408 1623 1436 esse

232 1456 450 1504 credamus,
480 1456 612 1494 nescio
640 1467 693 1493 an
720 1454 837 1493 facile
864 1454 1118 1504 adducamur,
1149 1456 1251 1505 quod
1279 1456 1386 1506 apud
1409 1456 1623 1495 Homerum

232 1514 422 1566 ἀταρπός
457 1518 495 1554 et
535 1511 765 1564 ἆταρπιτός
812 1513 940 1552 vocali
986 1515 1212 1565 praeposita
1258 1520 1395 1566 quater
1441 1516 1625 1566 leguntur

233 1577 387 1624 1Ῥ743,
418 1578 452 1613 Σ
470 1577 557 1622 565,
589 1575 664 1622 ξ1,
696 1588 717 1623 ρ
740 1574 843 1619 234),
873 1574 996 1613 semel
1026 1579 1175 1613 tantum
1205 1573 1434 1625 ἀτραπιτός
1463 1579 1498 1623 (ν
1522 1578 1623 1625 195),

233 1636 274 1674 in
299 1635 516 1673 Atticorum
545 1636 677 1672 autem
706 1632 991 1673 consuetudine
1019 1631 1207 1685 ἀτραπός
1235 1635 1359 1674 forma
1388 1634 1622 1674 dominatur.

234 1694 291 1735 Cf.
323 1694 373 1734 de
411 1697 543 1745 etymo
571 1692 673 1732 infra
699 1693 724 1742 ᾗ
755 1693 789 1731 8.

340 1757 400 1792 21.
430 1751 668 1802 ἀστράπτει),
698 1750 891 1804 ἀστραπή
921 1752 973 1791 ad
1009 1757 1056 1792 st.
1084 1751 1245 1805 (ἆ)σταρ
1284 1755 1346 1801 (cf.
1375 1767 1447 1794 scr.
1475 1761 1624 1793 star-as

233 1816 301 1854 lat.
330 1814 441 1851 stella
469 1826 539 1864 pro
559 1811 758 1849 *ster—vla
786 1816 859 1850 cet.
882 1815 920 1851 et
938 1812 1040 1851 infra
1059 1814 1081 1860 ξ
1102 1816 1124 1851 6
1144 1826 1183 1852 11.
1205 1816 1267 1860 76)
1287 1815 1467 1864 redeunt,
1497 1827 1519 1854 e
1547 1828 1624 1865 qua

233 1874 363 1913 vocali
389 1874 538 1913 inserta
567 1875 746 1922 στέροψ,
786 1870 970 1923 στεροπή
1009 1877 1080 1912 cet.
1118 1873 1235 1913 ducta
1272 1879 1373 1913 sunt.
1430 1874 1622 1926 Cf.,Curt.

234 1947 272 1984 p.
301 1935 383 1972 195.
420 1932 579 1981 Στίλβω
599 1932 761 1971 verbum
782 1936 866 1981 (pro
887 1935 1131 1982 *σταρ-π-ιυ
1148 1957 1198 1962 -
1213 1938 1462 1985 *στιρ-π-ω)
1482 1947 1625 1985 cogna-
1659 1977 1665 1981 „

234 1999 316 2032 tum
346 2004 433 2032 esse
461 1991 611 2041 primus
638 1992 836 2030 Walterus
864 1992 946 2031 KZ.
974 1993 1055 2032 XII
1085 1995 1159 2032 379
1188 1994 1407 2044 suspicatus
1436 1999 1507 2034 est.

341 2054 403 2090 22.
434 2054 575 2102 τρέφω
604 2063 730 2100 aeque
757 2065 803 2091 ac
839 2057 977 2103 τέρπω
1014 2052 1066 2090 ad
1102 2053 1234 2102 indog.
1263 2052 1383 2103 *carp
1421 2055 1624 2104 satiari,

235 2111 332 2151 frui
360 2110 627 2150 revocandum
657 2122 744 2151 esse
773 2111 927 2151 collatis
956 2124 1027 2151 scr.
1058 2117 1166 2159 turp,
1196 2112 1332 2152 lituan.
1363 2112 1512 2164 turp-ti,
1541 2118 1623 2165 got.

236 2170 471 2221 thraf-stjan
510 2174 582 2209 cet.
624 2183 752 2220 paene
795 2183 930 2211 omnes
972 2172 1202 2211 concedunt.
1259 2173 1304 2210 V.
1335 2171 1438 2212 Curt.
1467 2187 1505 2224 p.
1535 2177 1623 2213 210.

235 2231 347 2270 Fick.
376 2243 415 2281 p.
445 2232 533 2270 262.
589 2231 773 2281 Aliquam
801 2235 933 2271 autem
963 2230 1245 2270 dubitationem
1264 2237 1396 2272 movet
1423 2245 1471 2273 ea
1502 2233 1623 2282 notio,

237 2303 339 2341 quae
367 2290 605 2341 conspicitur
632 2291 672 2330 in
708 2295 878 2343 τρέφειν
914 2289 1037 2341 γάλα,
1073 2291 1259 2344 τραφερή
1289 2294 1373 2332 sim.
1430 2293 1622 2333 Videntur

322 2383 362 2417 ⁴⁷)
385 2382 470 2414 Nam
491 2381 623 2415 facilius
646 2383 723 2416 talis
746 2384 897 2416 confusio
920 2383 991 2415 fieri
1013 2386 1160 2424 poterat,
1192 2384 1219 2415 si
1249 2384 1372 2417 usitata
1394 2385 1527 2419 affectio
1550 2389 1623 2418 erat

237 2442 297 2464 nec
321 2432 495 2472 utriusque
517 2432 670 2464 vocabuli
692 2433 782 2465 notio
805 2433 939 2465 nimium
964 2432 1129 2464 dissimilis
1152 2442 1224 2465 esse
1245 2434 1426 2466 videbatur.
1464 2434 1512 2466 Cf.
1535 2434 1623 2467 infra

239 2483 256 2520 ξ
282 2484 299 2511 f.
323 2480 363 2512 de
386 2480 473 2513 hom.
497 2481 708 2523 τραπείομεν.
