1808 2965
891 243 936 278 14

212 346 254 382 ut
276 357 310 390 τ,
341 358 386 383 εκ
415 343 737 395 anticiparentur,
768 356 855 384 eam
884 344 933 383 ob
962 356 1044 383 rem
1073 343 1156 384 fieri
1183 347 1329 395 posset,
1357 344 1450 395 quia
1468 360 1491 395 ρ
1511 352 1601 396 post

211 402 283 440 illa
311 403 516 442 commode
543 404 883 454 pronuntiabatur,
913 404 1012 443 haee
1041 407 1079 442 et
1101 404 1246 443 similia
1265 405 1449 455 exempla
1466 408 1601 445 tamen

212 465 318 501 recte
345 462 397 501 ad
425 463 663 513 liquidarum
690 464 938 503 metathesim
965 462 1191 503 referemus.

317 521 439 562 Vides
467 523 750 573 pronuntiandi
777 523 1023 571 facilitatem,
1065 526 1303 573 quamquam
1340 535 1419 562 non
1454 523 1601 574 primas

211 581 311 631 agit,
349 585 483 622 tamen
511 584 644 633 magni
673 583 860 623 momenti
888 594 974 622 esse
1001 582 1043 621 in
1070 583 1299 633 metathesi3
1330 586 1369 622 et
1395 594 1446 623 ex
1472 594 1601 623 rerum

212 644 355 680 natura
368 646 679 682 consentaneum
695 648 765 691 est,
786 643 817 682 si
836 655 907 693 per
922 643 1164 682 celeritatem
1178 641 1366 692 loquendi
1385 643 1602 683 litterarum

212 699 308 739 ordo
336 703 581 751 mutabatur,
616 703 658 741 id
685 703 741 741 ita
768 703 914 741 factum
943 713 1049 750 esse,
1078 706 1120 741 ut
1147 702 1283 741 faciles
1311 706 1350 741 et
1377 707 1514 752 gratae
1541 703 1602 742 lit-

211 763 384 799 terarum
412 762 707 802 coniunctiones
735 761 951 813 prodirent.
1006 762 1135 811 Atque
1168 762 1211 800 in
1246 760 1385 801 eadem
1422 774 1465 802 re
1501 763 1602 813 posi-

214 823 296 858 tum
325 825 395 869 cst,
425 822 530 871 quod
556 822 765 862 metathesi
793 821 897 861 facta
916 821 1127 872 praecipue
1145 821 1301 861 litterae
1328 822 1621 863 continuae·

213 891 300 918 cum
335 882 452 921 mutis
488 882 796 932 coniunguntur,
838 881 1038 921 rarissime
1074 881 1177 921 duae
1204 886 1335 921 mutae
1363 882 1603 922 conveniunt

211 944 330 989 atque
370 941 426 979 ibi
465 942 756 991 tantummodo,
803 942 871 980 ubi
911 940 953 979 id
993 941 1078 981 sine
1118 942 1202 981 ulla
1246 940 1474 981 difficultate
1519 941 1603 981 fieri

211 1004 378 1050 poterat,
407 1002 574 1041 velutin
593 1005 731 1049 τίκτω,
761 1001 866 1052 quod
884 1002 1051 1041 fortasse
1070 1013 1120 1041 ex
1138 999 1373 1049 *τι-τεκ-ω,
1401 1000 1602 1041 *τι-τκ-ω

212 1064 340 1099 ortum
368 1065 428 1100 est
438 1062 490 1107 ¹³).

319 1122 404 1161 Iam
446 1134 539 1162 vero
581 1133 668 1161 eum
709 1122 800 1169 illa,
848 1133 948 1171 quae
990 1133 1109 1171 supra
1151 1121 1371 1170 attulimus,
1419 1121 1604 1172 exempla

214 1181 431 1230 singularia
467 1185 599 1221 essent
635 1186 673 1221 et
709 1181 998 1231 quodammodo
1035 1181 1087 1220 ad
1129 1181 1411 1232 pronuntiandi
1451 1193 1603 1221 errores

211 1239 459 1291 accederent,
487 1241 660 1291 plurium
689 1241 958 1291 exemplorum
987 1240 1245 1280 similitudine
1273 1245 1380 1281 certa
1408 1240 1603 1291 quaedam

214 1301 445 1341 metathesis
472 1313 621 1352 genera
647 1301 688 1340 in
717 1302 853 1351 lingua
880 1313 1023 1351 graeca
1052 1301 1299 1340 exstiterunt.

317 1362 374 1402 Ac
401 1361 569 1412 primum
598 1361 685 1400 dico
712 1361 813 1399 illud
840 1373 986 1411 genus,
1015 1361 1083 1399 ubi
1111 1374 1168 1399 σκ
1198 1364 1244 1400 et
1273 1373 1340 1399 σπ
1374 1360 1424 1400 in
1460 1373 1604 1400 voca-

212 1422 441 1460 bulorum
469 1421 633 1460 initiis
662 1420 710 1458 in
737 1419 761 1466 ξ
787 1425 833 1460 et
863 1428 897 1469 ψ
925 1432 1075 1460 versa
1102 1421 1458 1471 conspiciuntur¹⁴).
1506 1420 1604 1460 Cum

213 1482 319 1520 enim
346 1503 398 1508 -
427 1480 567 1519 eodem
594 1479 702 1519 haud
730 1480 849 1518 dubie
877 1485 1075 1529 tempore,
1105 1493 1181 1530 quo
1210 1480 1372 1519 Graecis
1410 1480 1605 1519 vocabula

213 1553 238 1580 a
267 1554 317 1580 σκ
344 1541 410 1580 vel
440 1553 499 1579 σπ
525 1539 666 1579 litteris
693 1539 926 1590 incipientia
952 1540 1081 1578 minus
1108 1544 1222 1589 grata
1249 1543 1288 1578 et
1318 1543 1481 1589 accepta
1517 1551 1604 1579 esse

214 1604 428 1651 coeperant
456 1622 504 1628 —
533 1599 702 1650 primum
738 1599 780 1637 in
820 1611 898 1638 uno
939 1599 1004 1638 vel
1044 1600 1168 1638 altero
1208 1599 1401 1638 vocabulo
1443 1610 1493 1638 ex
1534 1599 1603 1638 illo

213 1660 454 1712 properandi
489 1659 619 1699 studio
651 1659 833 1708 loquelae
860 1660 1120 1698 instrumenta
1147 1659 1374 1709 priusquam
1402 1658 1604 1697 debebant

216 1720 268 1760 ad
295 1735 329 1759 π
364 1725 402 1760 et
440 1735 462 1758 κ
509 1719 748 1770 proferenda
793 1724 933 1770 parata
979 1723 1110 1759 essent
1152 1719 1286 1769 itaque
1332 1719 1443 1769 quasi
1487 1719 1604 1769 lapsu

213 1781 374 1831 linguae
404 1787 439 1829 ψ
467 1784 506 1820 et
534 1781 557 1829 ξ
583 1780 835 1830 prodiissent,
864 1780 1051 1831 deinceps
1079 1780 1168 1819 aliis
1196 1779 1398 1819 vocabulis
1435 1778 1604 1818 eandem

212 1840 406 1879 rationem
433 1840 688 1888 sequentibus
723 1840 797 1878 hoc
832 1840 1062 1879 metathesis
1097 1851 1221 1888 genus
1256 1839 1473 1888 legitimum
1508 1843 1605 1877 tam-

215 1895 338 1950 quam'
375 1904 413 1938 et
452 1900 511 1938 sui
552 1899 646 1938 iuris
687 1904 745 1938 est
790 1899 946 1938 factum.
1003 1899 1191 1938 Similiter
1236 1910 1330 1937 vero
1377 1899 1418 1937 in
1465 1899 1604 1938 ceteris

301 2086 337 2124 ¹³)
361 2085 415 2118 Sic
440 2085 686 2118 Grassmannus
708 2084 777 2117 KZ.
801 2084 859 2122 XI,
883 2087 922 2117 43
947 2083 1076 2123 statuit3
1111 2083 1170 2116 sed
1192 2084 1302 2116 nescio
1328 2093 1370 2116 an
1394 2082 1527 2116 Curtius
1548 2084 1604 2116 Et.

213 2145 246 2176 p.
270 2137 330 2167 628
366 2135 488 2167 rectius
523 2135 624 2165 τίκτω
657 2144 674 2167 e
704 2134 844 2176 simplici
875 2133 944 2166 rad.
977 2144 1030 2165 τεκ
1053 2144 1070 2163 τ
1094 2133 1204 2165 littera
1232 2133 1409 2165 formatum
1438 2137 1470 2165 et
1494 2144 1505 2164 ι
1528 2142 1568 2165 ex
1590 2144 1606 2164 ε

215 2188 323 2216 ortum
344 2194 417 2217 esse
441 2184 569 2217 dixerit.

303 2248 339 2278 Νι
362 2246 397 2278 Si
430 2257 450 2277 σ
486 2245 652 2279 interdum
687 2246 785 2278 etiam
809 2256 883 2278 cum
906 2245 978 2278 aliis
1000 2245 1117 2277 litteris
1142 2247 1377 2277 commutatum
1399 2249 1466 2284 est,
1512 2249 1550 2277 ut
1571 2245 1606 2277 in

215 2293 379 2337 σπεργύς,
414 2305 498 2337 quae
531 2295 637 2329 forma
666 2305 727 2337 pro
758 2295 903 2337 πρεσγύς
936 2294 1101 2328 exstitisse
1123 2294 1266 2327 traditur
1288 2296 1329 2334 (v.
1356 2296 1435 2336 §8)‚
1458 2294 1541 2327 haec
1563 2293 1606 2327 ad

215 2345 397 2387 singularia
418 2345 473 2377 illa
495 2345 678 2387 pertinent,
710 2345 750 2378 de
772 2345 891 2387 quibus
914 2345 1011 2377 modo
1036 2344 1187 2377 diximus.
1232 2344 1297 2377 Sed
1318 2344 1417 2378 latius
1447 2347 1540 2386 patet
1571 2344 1606 2377 in

215 2395 291 2427 dial.
314 2394 442 2427 aeolica
473 2396 490 2430 ζ
516 2395 645 2428 litterae
678 2395 712 2427 in
745 2394 789 2426 σδ
820 2394 1008 2434 conversio,
1042 2394 1085 2427 cf.
1119 2391 1244 2435 σδὺγον
1273 2403 1333 2435 pro
1357 2392 1457 2435 ζυγόν
1479 2396 1513 2426 et
1534 2393 1605 2426 sim.

218 2443 300 2476 Ahr.
324 2455 355 2486 p.
380 2447 431 2476 47.
