1808 2965
892 308 938 346 19

219 413 288 453 vix
314 413 469 465 poterit.
523 412 658 451 Potest
681 410 839 461 quidem
857 412 1006 451 nasalis
1027 416 1121 452 ante
1140 412 1310 452 labiales
1329 415 1368 452 et
1386 414 1606 463 gutturales

219 473 375 513 diverso
410 471 528 512 modo
562 471 746 522 proferri,
781 475 911 522 potest
946 484 1070 523 prope
1096 472 1149 512 ad
1177 473 1378 523 sequentis
1406 484 1606 513 consonae

218 538 399 573 naturam
436 530 645 580 accedere,
685 531 742 571 ita
777 536 820 571 ut
854 532 943 583 ipsa
977 544 1115 583 pamm
1152 532 1335 572 distincte
1370 532 1603 583 proferatur,

217 597 348 644 potest
382 591 521 641 etiam,
559 603 645 630 cum
682 591 841 642 linguae
867 592 972 632 acies
998 591 1097 632 forte
1124 592 1309 633 dentibus
1337 593 1604 644 superioribus

215 652 572 705 appropinquatur,
608 664 688 691 non
716 652 879 691 multum
906 665 931 692 a
959 651 1109 693 dentali
1144 653 1271 693 uasali
1302 653 1455 693 abesse.
1514 654 1601 693 Hoc

215 718 347 754 autem
373 712 415 751 in
442 711 522 751 illis
550 711 741 762 exemplis
769 712 1019 752 statuendum
1048 713 1115 763 sit,
1149 717 1190 752 ut
1216 714 1355 753 miram
1383 714 1494 753 illam
1523 726 1602 754 me-

215 770 400 812 tathesim
426 770 570 810 factam
598 783 684 811 esse
712 771 928 812 credamus.

319 832 423 871 Raro
450 831 600 881 liquida
627 832 692 870 vel
730 832 878 872 nasalis
913 845 1001 872 cum
1034 833 1165 872 vicina
1199 833 1327 872 vocali
1362 838 1603 873 commutata

215 895 286 942 est,
316 903 417 931 cum
445 891 638 931 vocalis
666 893 986 942 sequebatur,
1016 893 1125 933 velut
1151 893 1192 932 in
1221 893 1303 932 dor.
1328 891 1600 943 τετρώκοντα,

215 951 320 1003 quod
347 963 369 991 0
396 950 733 1004 *τετορ-ηκοντα,
761 950 1088 1005 *τετρο-ηκοντα
1117 957 1242 992 ortum
1271 957 1348 1003 θεῖς
1368 965 1441 992 1100
1459 954 1600 993 mirum

215 1016 274 1052 est
298 1012 390 1051 illas
419 1011 520 1051 binis
548 1012 751 1051 vocalibus
779 1012 1038 1052 circumdatas
1073 1012 1179 1053 sedis
1214 1013 1433 1052 tenaciores
1466 1013 1599 1064 fuisse,

213 1083 301 1111 cum
328 1071 537 1110 metathesi
564 1071 669 1110 facta
694 1072 890 1110 vocalium
918 1084 1139 1120 concursus,
1168 1084 1248 1110 non
1276 1083 1430 1121 semper
1452 1077 1599 1122 gratus,

213 1129 333 1170 fieret.
389 1129 445 1169 cf.
474 1130 576 1169 infra
603 1130 656 1169 ad
684 1134 704 1176 §
734 1133 757 1169 4
784 1144 823 1169 n.
853 1133 915 1170 33.

316 1189 561 1230 Paucissima
587 1194 718 1230 autem
747 1191 930 1241 exempla
957 1190 1058 1230 illud
1072 1187 1205 1241 'genus
1224 1190 1357 1237 habet,
1386 1191 1453 1230 ubi
1471 1191 1601 1231 vocali

212 1249 429 1301 anticipata
467 1249 617 1299 liquida
657 1250 877 1301 postposita
917 1254 995 1301 est,
1043 1250 1142 1290 sicut
1181 1250 1223 1290 in
1261 1249 1488 1301 βάρδιστος
1528 1263 1600 1303 pro

212 1309 438 1360 βράόιστος
457 1311 510 1356 (v.
530 1313 552 1355 ξ
574 1312 612 1356 8)
631 1310 804 1361 videtur;
834 1311 993 1350 nasales
1020 1310 1187 1350 fortasse
1215 1322 1266 1349 ne
1293 1312 1414 1349 semel
1439 1311 1598 1360 quidem

212 1369 457 1420 postpositae
485 1373 586 1408 sunt.

317 1429 397 1469 Sed
430 1429 529 1468 haec
565 1420 765 1469 hactenus.
820 1431 882 1469 De
921 1430 1116 1469 vocalium
1157 1434 1502 1470 transmutatarum
1544 1430 1599 1469 af-

211 1488 463 1537 sectionibus,
510 1499 611 1537 quae
655 1501 736 1527 non
780 1488 833 1527 ad
873 1488 996 1538 ipsius
1037 1489 1267 1528 metathesis
1308 1493 1489 1528 naturam
1533 1489 1598 1528 de·

211 1546 458 1588 scribendam
485 1546 695 1598 pertinent,
723 1546 826 1586 infra
852 1547 1086 1587 videbimus.

314 1719 541 1758 Lobeckius
580 1722 734 1758 veteres
772 1719 1048 1769 grammaticos
1085 1719 1127 1758 111
1167 1731 1214 1759 00
1256 1719 1449 1769 sequitur,
1491 1720 1596 1770 quod

211 1779 287 1819 duo
307 1779 552 1830 potissimum
571 1778 799 1818 metathesis
817 1790 965 1828 genera
983 1778 1198 1828 distinguit,
1228 1790 1342 1828 quem
1362 1778 1415 1817 ad
1435 1779 1594 1819 modum

211 1843 269 1879 est
296 1838 403 1890 apud
431 1837 593 1888 Gregor.
624 1837 711 1876 Cor.
741 1839 835 1877 469:
874 1837 1068 1890 διαφέρει
1094 1836 1326 1887 μετάθεσις
1363 1834 1594 1889 ὕπερθέ-

211 1912 360 1945 σεως,
390 1895 414 1950 ἡ
444 1898 518 1947 μὲν
547 1896 623 1948 γὰρ
653 1896 696 1936 ἐν
723 1900 772 1947 τῆ
799 1894 901 1949 αὐτῇ
931 1897 1113 1948 συλλαβῇ
1141 1900 1310 1947 γίνεται,
1340 1893 1363 1949 ἦ
1396 1896 1440 1936 δὲ
1466 1894 1595 1950 ὑπέρ-

209 1961 335 2004 θεσις
376 1956 419 1997 ἐν
460 1960 510 2009 τῇ
552 1956 692 2009 ἑτέρᾳ,
740 1952 796 2002 ὥς
836 1955 883 1994 τὸ
925 1959 1096 2002 νοθεῖος
1139 1953 1321 2002 ὀθνεῑος.
1376 1956 1593 1996 Seiunctim

209 2021 340 2058 autem
368 2017 437 2057 1110
456 2016 512 2065 (111
530 2029 615 2069 cap.
636 2017 725 2064 ΙΙΙ.)
743 2016 990 2056 metathesim
1017 2016 1269 2067 aspirationis
1297 2020 1336 2056 et
1363 2017 1593 2067 quantitatis

208 2077 402 2117 tractavit.
456 2077 580 2117 Nobis
626 2077 741 2116 facile
785 2077 992 2126 intelleges
1038 2076 1341 2126 descriptionem
1388 2089 1590 2126 generum,

208 2150 288 2177 non
317 2149 367 2177 ex
393 2137 463 2176 illo
490 2136 720 2177 metathesis
748 2140 787 2176 et
814 2136 1064 2188 hyperthesis
1092 2135 1315 2175 discrimine
1342 2136 1392 2174 ab
1426 2139 1593 2176 externa

208 2197 487 2237 vocabulorum
515 2198 646 2249 specie
674 2197 797 2248 petito
824 2195 1014 2248 proficisci
1040 2208 1167 2247 posse.
1223 2196 1323 2235 Cum
1350 2196 1455 2236 enim
1473 2209 1591 2247 quae-

211 2257 302 2296 dam
330 2258 575 2308 potissimum
602 2258 758 2297 litterae
787 2278 834 2283 —
863 2269 1025 2307 quarum
1053 2268 1163 2296 suam
1192 2268 1370 2305 quaeque
1397 2256 1592 2296 rationem

208 2317 358 2358 habent
376 2338 428 2345 —-
445 2317 500 2356 ad
527 2317 777 2358 metathesim
804 2321 922 2369 aptae
950 2316 1039 2366 sint,
1068 2316 1236 2367 primum
1262 2315 1419 2355 illarum
1448 2320 1592 2356 natura

210 2383 249 2417 et
276 2377 456 2428 cognatio
484 2377 757 2428 respiciendae
783 2377 983 2427 videntur3
1011 2377 1136 2415 altero
1163 2377 1249 2415 loco
1285 2375 1327 2414 id
1362 2376 1590 2416 habendum

210 2442 287 2488 est,
330 2438 558 2488 quibuscum
593 2437 682 2477 aliis
714 2438 873 2489 litteris,
909 2450 994 2477 cum
1022 2436 1170 2485 vocali,
1206 2449 1259 2475 an
1286 2448 1375 2475 cum
1403 2449 1589 2488 consona,

210 2509 263 2536 an
291 2509 378 2536 cum
405 2497 582 2547 pluribus
610 2497 750 2537 litteris
778 2497 957 2547 singulae
984 2500 1279 2535 commutentur.
