1808 2965
924 221 972 258 46

245 321 463 374 πορφύρω,
493 321 749 374 πορφύρεος)
779 323 902 362 duxit.
948 323 996 362 In
1014 327 1093 373 got.
1112 322 1271 366 brunna,
1302 323 1406 373 quod
1424 333 1633 376 cognatum
1702 331 1704 333 ’

245 382 412 431 videtur,
442 382 649 421 seiunctim
676 383 907 422 metathesis
934 383 1038 421 facta
1065 386 1136 422 est.

353 445 414 480 45.
445 439 577 494 φρύνη
631 442 765 491 bufo,
823 440 981 494 Φρύνη,
1044 440 1247 494 Φρύνιχος
1302 447 1374 482 cet.
1427 455 1452 483 a
1505 446 1634 487 colore

247 514 391 542 nomen
411 501 647 541 habuerunt.
689 501 936 542 Conferenda
964 507 1054 542 sunt
1081 515 1168 542 cum
1188 501 1319 542 Curtio
1346 503 1372 541 l.
1392 504 1419 542 l.
1448 504 1516 544 lat.
1532 505 1634 556 fiar-

248 575 324 605 vus,
343 562 487 611 fuscus
506 567 591 611 (pro
611 562 808 611 *furscum
830 567 869 601 et
895 575 966 601 scr.
987 562 1184 604 ba-bhrus,
1213 561 1346 601 theod.
1375 563 1503 607 bric—n,
1533 578 1635 615 quae

246 621 413 672 perinde
440 633 487 661 ac
514 621 710 661 vocabula
735 633 878 673 graeca
905 621 1162 673 anticipatam
1188 621 1381 672 liquidam
1408 622 1569 665 habent.

353 684 415 720 46.
444 681 596 733 βροτός
648 678 878 721 mortalis
930 683 1007 721 iam
1063 682 1215 731 antiqui
1259 685 1505 731 grammatici
1549 697 1635 735 per-

247 746 464 792 spexerunt
492 753 514 781 e
540 740 694 794 μορτός
734 746 859 781 ortum
903 753 1008 791 esse3
1050 741 1123 782 hoc
1164 745 1295 781 autem
1336 753 1542 793 perperam
1581 744 1635 785 ad

246 801 332 840 rad.
360 816 457 851 μερ,
495 813 596 851 quae
625 807 684 842 est
711 802 752 841 in
779 805 978 852 μείρομαι
1006 806 1091 851 cet.‚
1120 802 1372 850 rettulerunt,
1405 815 1442 841 v.
1470 803 1566 843 Lob.
1595 817 1633 855 p.

248 863 337 899 499.
392 861 522 900 Radix
568 862 746 901 subiecta
791 865 850 901 est
877 875 959 911 μαρ
988 883 1039 888 -
1066 876 1167 912 μορ,
1210 861 1258 900 cf.
1285 864 1515 911 μαρ-αίνω,
1561 875 1633 903 scr.

248 934 344 971 mur,
374 921 487 960 zend.
508 934 606 969 mar,
634 923 704 961 lat.
724 922 873 959 morlor
892 927 964 961 cet.
995 921 1099 961 Curt.
1120 934 1158 972 p.
1180 923 1267 960 310.
1323 920 1484 972 Βροτός
1512 926 1636 962 totum

247 981 417 1020 concinit
444 994 531 1020 cum
560 994 631 1021 scr.
660 988 852 1032 mar-ta-s,
882 982 994 1022 zend.
1023 987 1208 1028 mare-ta,
1249 978 1521 1033 a-fflqo-vo-g
1549 994 1636 1022 cum

246 1054 320 1081 scr.
350 1048 563 1090 a-mr-ta-s,
605 1040 900 1093 ἀ-μβρό-σιο-ς
938 1055 1024 1082 cum
1061 1055 1134 1082 scr.
1164 1044 1414 1089 a—mar-(ja-sr
1441 1041 1568 1086 (Fick.
1597 1056 1635 1094 p.

251 1105 354 1147 150).
410 1102 577 1141 Servata
604 1106 696 1141 sunt
714 1102 868 1153 μορτός
888 1102 994 1153 apud
1012 1102 1182 1153 Hesych.
1204 1102 1266 1143 (cf.
1288 1100 1442 1141 Gallim.
1464 1101 1510 1141 fr.
1530 1104 1634 1153 271),

246 1161 528 1212 μορτό-βατος
557 1165 674 1210 ναῦς,
703 1174 779 1212 quo
808 1162 1015 1202 Chai-ontis
1042 1163 1161 1202 linter
1187 1161 1444 1213 significatur,
1473 1161 1634 1212 ibidem,

248 1221 418 1271 denique
447 1221 661 1272 ἕ-μορτ-εν
700 1222 826 1262 forma
859 1223 910 1261 ab
938 1222 1136 1273 Hesychio
1173 1219 1390 1261 ἀπέθανεν
1425 1222 1634 1272 explicata,

249 1294 365 1331 quam
402 1282 627 1321 Lobeckius
662 1282 817 1321 Pathol.
846 1282 877 1331 Ι,
908 1284 954 1321 37
986 1287 1211 1332 corruptam
1254 1294 1303 1321 ex
1344 1280 1523 1333 ἥμαρτεν
1565 1293 1635 1331 pro

246 1344 318 1379 τοί
348 1340 418 1392 ζῆν
449 1339 627 1393 ἥμαρτεν
652 1342 692 1388 (!)
722 1354 808 1381 esse
843 1342 1037 1391 opinatur.
1093 1343 1162 1381 Est
1197 1342 1269 1379 illa
1303 1341 1428 1379 forma
1464 1340 1637 1379 denomi-

251 1401 386 1440 nativa
414 1405 456 1440 ut
483 1399 726 1450 ἕ-βλαστ-ον
755 1401 806 1440 al.
835 1414 872 1439 v.
901 1401 1004 1440 infra
1031 1414 1068 1440 n.
1099 1403 1148 1439 72
1178 1406 1216 1441 et
1243 1401 1266 1448 ξ
1296 1402 1331 1439 6.
1361 1413 1398 1439 n.
1429 1401 1490 1439 82.

353 1463 414 1500 47.
443 1458 595 1511 βρότος
623 1473 764 1500 cruor
792 1462 966 1512 Buggius
993 1461 1074 1501 KZ.
1096 1461 1197 1500 XIX
1217 1463 1293 1500 446
1321 1473 1408 1500 cum
1435 1472 1508 1500 scr.
1535 1462 1636 1498 mar-

249 1527 325 1558 ta-s
345 1525 630 1570 concretus,
660 1523 957 1573 coagulatus
977 1522 1196 1572 composuit
1216 1521 1372 1561 collatis
1391 1532 1463 1561 scr.
1483 1520 1634 1559 mar-Ich

249 1582 522 1631 coagulare
550 1581 662 1620 zend.
690 1585 844 1619 mmi-ra
882 1595 1102 1631 crassus,
1146 1594 1247 1631 quae
1289 1580 1545 1631 probabiliter
1584 1580 1637 1619 ad

247 1641 420 1680 radicem
462 1640 689 1690 primariam
733 1654 818 1678 mar
857 1641 985 1681 redire
1025 1642 1173 1681 statuit.
1229 1640 1390 1691 Βρότος
1430 1640 1548 1690 igitur
1588 1652 1637 1680 ex

248 1698 468 1738 *mar-tem
495 1698 723 1752 *μορ-τως
750 1706 885 1741 natum
916 1714 1002 1741 esse
1031 1706 1177 1741 censet.

354 1763 401 1798 47
415 1759 447 1796 b.
478 1759 590 1799 Idem
619 1761 793 1811 Buggius
821 1762 846 1799 l.
876 1762 902 1799 l.
930 1760 1109 1811 βρεχμὸς
1150 1760 1285 1811 prior
1312 1772 1426 1810 pars
1454 1759 1637 1809 capitis

250 1822 335 1871 (pro
363 1819 593 1872 *μρεχμοω
622 1825 661 1860 et
688 1833 760 1861 scr.
790 1821 977 1859 meir-dhan
1007 1824 1092 1872 (pro
1122 1819 1352 1866 *mar-dhan)
1382 1819 1635 1870 comparavit,

248 1895 273 1928 χ
300 1893 370 1930 pro
400 1876 459 1917 dlz'
479 1881 731 1919 substitutum
761 1893 847 1920 esse
875 1881 1028 1920 collatis
1058 1880 1152 1929 ὁίχα
1181 1886 1219 1919 et
1247 1892 1319 1920 scr.
1348 1879 1488 1917 dvidlzti
1515 1883 1635 1918 ratus.

300 1941 304 1945 '
355 1940 417 1978 48.
445 1938 602 1990 βραδύς
630 1953 700 1990 pro
730 1939 916 1990 *μραόύς
944 1953 1030 1979 cum
1059 1942 1209 1980 sloven.
1239 1940 1379 1988 mlada,
1409 1951 1481 1979 scr.
1506 1939 1638 1988 mrdus

250 2000 419 2038 mollis
450 2005 659 2049 cognatum
689 2005 858 2050 putatur,
891 2013 928 2038 v.
958 2000 1062 2039 Curt.
1091 2014 1129 2050 p.
1160 2003 1247 2039 216.
1303 2000 1464 2038 Fickius
1493 2012 1530 2049 p.
1564 2001 1636 2037 150

249 2060 435 2097 *mradus
476 2064 678 2109 tamquam
717 2059 849 2109 indog.
891 2060 1056 2099 formam
1096 2060 1229 2110 affert3
1273 2058 1376 2109 quod
1418 2059 1451 2098 si
1490 2062 1637 2098 rectum

249 2124 371 2169 esset,
415 2120 645 2160 metathesis
681 2133 761 2159 non
798 2119 904 2170 apud
931 2120 1037 2170 ipsos
1067 2120 1258 2169 Graecos,
1300 2119 1370 2159 sed
1411 2119 1489 2158 iam
1530 2117 1638 2169 apud

249 2179 561 2229 Indogermanos
580 2180 685 2219 facta
712 2179 923 2218 videretur.
979 2178 1228 2218 Metathesim
1258 2180 1361 2218 enim
1389 2178 1531 2217 factam
1551 2188 1638 2217 esse

249 2245 422 2288 constat,
465 2240 549 2279 sive
590 2252 676 2279 cum
718 2240 857 2279 Ebelio
894 2238 975 2277 KZ.
1015 2239 1089 2277 VII
1118 2241 1193 2277 226
1232 2239 1293 2285 (cf.
1331 2238 1433 2278 Curt.
1472 2252 1510 2289 p.
1548 2238 1637 2282 304)

249 2298 422 2338 radicem
455 2300 569 2337 mar-d
592 2322 645 2326 —
671 2299 805 2336 smard
840 2299 901 2345 (cf.
931 2298 1042 2338 zend.
1072 2299 1221 2341 mar-ed,
1262 2299 1331 2337 lat.
1361 2299 1538 2346 mordeo,
1580 2308 1636 2345 gr.

252 2358 500 2409 σμερό-νό-ς
536 2364 647 2408 cet.»⁷
698 2360 780 2397 sive
812 2380 861 2384 —-
892 2358 995 2407 quod
1037 2358 1132 2396 mihi
1175 2359 1300 2396 solum
1341 2362 1489 2401 rectum
1530 2354 1638 2393 vide-

251 2423 314 2456 tur
340 2441 391 2446 —
420 2418 592 2457 radicem
628 2418 742 2455 mar-d
774 2430 795 2457 e
832 2430 916 2454 mar
954 2417 1007 2459 [in
1035 2421 1271 2468 μαρ-αίνειν
1300 2420 1388 2464 cet.)
1419 2422 1458 2456 et
1485 2416 1512 2454 d
1536 2427 1638 2454 com-
