1808 2965
875 326 922 362 41

208 427 406 469 lucidus
446 427 675 478 composuit.
730 427 829 467 Rad.
865 429 1052 479 primaria
1090 429 1163 467 dar
1197 429 1238 468 in
1270 441 1342 468 scr.
1372 427 1493 465 ᾶ-ιίαν
1520 440 1592 468 re-

208 489 425 540 spicere,
454 499 509 537 gr.
541 483 725 537 ὗπό-ὃρα
755 488 879 536 (cuius
907 488 958 528 de
976 489 1207 528 formatione
1227 488 1402 527 nondum
1421 492 1590 534 constat)

208 549 312 589 inest
340 547 404 595 (cf.
433 545 536 586 Curt.
565 559 604 597 p.
636 548 743 597 129),
783 553 951 598 cognata
988 553 1046 588 est
1072 548 1156 587 rad.
1184 548 1284 586 darlc
1319 560 1526 588 cernere
1554 560 1591 587 v,

207 609 232 656 ξ
259 610 297 647 6.·
349 608 482 658 Λρωπ
509 618 531 646 e
560 606 673 658 ὁραπ
699 606 838 648 eadem
865 609 1012 647 vocalis
1039 607 1342 658 amplificatione
1370 614 1496 649 ortum
1533 612 1592 649 est

207 679 285 717 qua
311 680 422 718 τρωγ
447 666 489 705 in
516 665 681 717 τρώγ-ω
710 672 782 707 cet.
812 680 834 707 e
861 682 961 719 τραγ
988 669 1029 706 in
1056 680 1136 707 aer.
1166 668 1348 719 ἔτραγον.

313 728 374 765 33.
404 718 583 778 θράσσω
632 731 668 773 (e
708 728 947 779 *θρακ-]”ω,
992 728 1181 778 wax—jeu)
1227 728 1487 778 frangendi
1524 740 1592 767 no-

209 786 316 825 tione
358 786 504 826 dictum
531 787 693 826 Fickius
720 801 759 838 p.
790 789 838 827 79
866 788 918 826 ad
946 799 1018 827 scr.
1047 788 1134 824 carli
1171 788 1396 837 (trnilz-ati),
1439 790 1590 828 sloven.

206 845 340 900 trba-(cz
376 846 559 892 contulit,
601 845 825 898 ταράσσειν
861 851 1095 896 torquere
1130 848 1352 897 segregavit
1380 851 1418 888 et
1446 861 1484 898 p.
1514 850 1589 887 363

206 921 294 949 cum
335 909 403 948 lat.
447 913 607 958 toz-queo
652 906 705 946 ad
742 918 874 958 europ.
913 907 996 946 rad.
1035 907 1123 945 tark
1162 907 1373 947 revocavit.
1429 907 1510 947 Sed
1540 930 1591 935 -

206 973 293 1009 utut
328 968 377 1007 de
406 972 538 1019 etymo
566 967 817 1007 statuendum
845 968 918 1007 erit
945 989 996 995 ——
1024 980 1110 1007 cum
1137 966 1345 1019 θράσσειν
1373 968 1493 1007 etiam
1521 981 1591 1019 pro

205 1027 431 1080 ταράσσειν
472 1027 676 1067 turbare
717 1027 887 1077 dicatur,
928 1027 982 1067 ad
1016 1028 1090 1067 hoc
1124 1032 1255 1067 autem
1290 1028 1388 1078 perf.
1416 1032 1592 1081 τέτρηχα

208 1089 418 1140 pertineat,
448 1086 609 1127 dubium
638 1099 724 1127 esse
751 1100 832 1127 non
859 1092 1008 1138 potest,
1039 1088 1132 1137 quin
1160 1088 1222 1127 his
1251 1088 1431 1127 omnibus
1457 1088 1592 1128 formis

206 1160 350 1198 graeca
388 1147 503 1186 radix
543 1162 644 1198 ταρχ
685 1147 860 1187 subiecta
901 1148 970 1194 sit,
1014 1160 1036 1187 e
1072 1160 1149 1197 qua
1176 1163 1199 1197 ρ
1227 1147 1443 1198 anticipato
1479 1162 1591 1198 τραχ,

207 1208 338 1247 vocali
363 1207 513 1247 inserta
539 1222 668 1259 ταραχ
695 1207 896 1258 prodierit.
946 1207 1111 1247 Vetusta
1138 1206 1284 1247 radicis
1310 1207 1435 1247 forma
1462 1219 1594 1247 serva-

208 1272 270 1307 tur
295 1269 337 1306 in
364 1268 553 1318 Hesychii
579 1268 722 1317 glossis
749 1266 897 1319 ταρχή·
930 1266 1107 1319 ταραχή,
1147 1271 1401 1318 ταρχαίνειν·
1436 1265 1592 1317 ταράσ-

208 1341 309 1367 σειν.
338 1350 390 1355 -
418 1327 495 1366 Vix
529 1331 634 1366 recte
669 1327 879 1366 Kiihnerus
911 1339 968 1377 gr.
996 1339 1053 1377 gr.
1082 1340 1119 1377 p.
1150 1329 1226 1366 576
1266 1327 1336 1366 alii
1376 1330 1538 1377 propter
1565 1341 1591 1364 α

206 1387 439 1439 productum
480 1385 696 1445 θράσσειν,
730 1399 752 1427 e
791 1385 1014 1439 ταράσσειν
1057 1409 1109 1414 -
1150 1390 1422 1438 *τρα-ασσειν
1465 1392 1591 1427 ortum

206 1452 453 1499 putaverunt,
483 1449 667 1498 quoniam
694 1448 761 1487 vix
788 1460 971 1498 umquam
998 1447 1149 1498 liquida
1167 1448 1269 1488 inter
1288 1447 1386 1487 duas
1403 1448 1591 1497 aequales

206 1508 365 1548 vocales
396 1508 525 1558 posita
551 1508 636 1546 loco
663 1512 852 1557 movetur,
881 1508 1084 1558 productio
1104 1512 1235 1547 autem
1254 1508 1403 1547 vocalis
1422 1508 1590 1558 primum

205 1567 426 1618 praesentis
453 1567 586 1607 formis
613 1568 772 1618 propria
808 1567 928 1607 fuisse
962 1567 1134 1618 indeque
1168 1567 1219 1607 ad
1255 1572 1406 1607 ceteras
1445 1567 1590 1607 formas

206 1628 400 1666 translata
428 1639 513 1666 esse
542 1631 683 1677 potest.

313 1690 373 1727 34.
403 1685 586 1738 θρασύς,
622 1686 786 1738 θράσος
823 1685 876 1726 ad
904 1686 1082 1727 ordinem
1109 1687 1327 1728 litterarum
1355 1688 1592 1728 recentiores

206 1749 351 1788 formas
386 1759 473 1787 esse
509 1759 625 1797 quam
652 1746 872 1798 θαρσύνω,
911 1746 1095 1797 θάρσος,
1132 1750 1305 1798 θαρσέω
1333 1752 1406 1787 cet.
1435 1748 1590 1787 collatis

207 1821 280 1849 scr.
301 1807 522 1853 dharslza-s,
550 1806 663 1847 zend.
692 1807 846 1854 daroslz,
873 1812 952 1857 got.
971 1808 1189 1857 qudam-san
1208 1807 1401 1858 firmatur3
1430 1808 1591 1858 linguae

206 1869 355 1909 sloven.
370 1872 409 1907 et
422 1867 558 1906 lituan.
574 1868 616 1905 in
632 1867 779 1905 charz-21
791 1889 841 1894 ——
852 1868 1011 1920 ἄναες-ὰς
1025 1872 1097 1907 cet.
1117 1868 1323 1907 seiunctim
1341 1868 1592 1908 metathesim

206 1928 461 1969 admiserunt.
498 1926 555 1966 Of.
584 1926 689 1967 Curt.
709 1941 746 1979 p.
770 1929 858 1966 241.
913 1926 1043 1967 Radix
1069 1927 1201 1978 indog.
1233 1927 1351 1966 dhas-s
1373 1940 1395 1968 e
1415 1927 1515 1966 dhar
1536 1929 1591 1974 (in

204 2001 278 2028 scr.
307 1988 460 2039 Marta-s
494 1986 662 2036 fortis,
698 1991 975 2037 promptus,
1022 1999 1078 2036 gr.
1116 1988 1297 2034 θέλ-ω)
1333 1987 1546 2027 accedente
1573 2003 1592 2025 s

204 2051 301 2088 nata
329 2050 399 2094 est,
427 2058 464 2085 v,
493 2046 604 2086 Fick.
632 2060 671 2098 p.
705 2049 815 2085 1014.
869 2047 930 2086 De
957 2046 1124 2096 singulis
1151 2058 1244 2086 vero
1264 2047 1397 2087 formis
1417 2047 1591 2097 Graecis,

205 2121 308 2159 quae
336 2109 412 2147 huc
439 2108 649 2157 pertinent,
677 2107 897 2146 accuratius
923 2106 1079 2147 videtur
1106 2108 1383 2157 exponendum
1411 2120 1510 2148 esse.
1538 2131 1590 2135 —

316 2171 348 2206 1.
377 2167 425 2206 In
481 2167 649 2206 dialecto
703 2167 831 2206 ionica
883 2167 1056 2205 omnium
1109 2168 1276 2216 primum
1329 2166 1494 2218 θαρσύς
1548 2168 1590 2206 in

205 2226 368 2280 θρασύς
396 2226 513 2276 abiit,
549 2239 650 2277 quae
694 2226 818 2266 forma
862 2227 949 2266 sola
993 2230 1051 2266 est
1096 2226 1265 2267 Homero
1310 2227 1474 2277 usitata3
1521 2227 1592 2266 ali-

205 2287 357 2338 quoties
384 2290 517 2326 tamen
545 2286 764 2337 θαρσύ-νω
797 2290 995 2334 servatur,
1043 2285 1147 2335 quod
1165 2285 1167 2287 ’
1185 2286 1292 2337 apud
1318 2287 1469 2327 Atticos
1510 2287 1592 2327 fere

206 2358 360 2397 semper
386 2346 428 2385 in
455 2345 655 2397 θρασύνω
683 2358 839 2387 versum
867 2345 1113 2396 conspicitur.
1168 2347 1299 2385 Etiam
1326 2347 1434 2398 apud
1453 2352 1591 2398 poetas

207 2407 359 2447 doricos
397 2407 644 2457 (saepissime
669 2406 776 2458 apud
802 2405 1028 2453 Pindarum)
1066 2405 1229 2457 θρασύς
1270 2407 1396 2447 forma
1435 2409 1590 2459 legitur.

206 2469 357 2507 Tamen
402 2465 509 2505 haud
554 2466 671 2506 dubie
715 2467 928 2518 pleraeque
974 2465 1134 2505 dialecti
1180 2472 1218 2506 et
1259 2468 1390 2507 Attica
1436 2480 1591 2518 quoque

204 2527 351 2569 diutius
379 2525 541 2579 θαρσύς
576 2530 770 2567 vetustam
807 2527 970 2567 formam
1008 2527 1272 2576 retinuerunt,
1314 2529 1417 2578 quod
1459 2523 1613 2569 multis
