1808 2965
1300 0 1311 3 ,
1318 0 1391 11 ‘⁷³⁷'-
1415 0 1437 2 --r

902 296 926 333 9

225 401 396 453 fugerat,
424 411 719 450 nonnumquam
746 397 889 438 rectius
915 398 1187 439 iudicabimus.
1242 398 1308 438 Sic
1334 398 1404 438 ille
1433 398 1475 437 in
1502 396 1609 449 ἔρδω

227 466 266 503 et
301 461 404 515 ῥέζω
439 460 572 500 verbis
606 460 691 499 iure
717 458 914 509 profectus
942 463 1001 499 est
1026 459 1078 499 ab
1106 459 1163 500 eis
1189 458 1335 509 formis,
1365 470 1467 509 quae
1494 472 1518 509 y
1546 470 1611 499 ex-

225 522 374 571 hibent,
404 519 535 571 ἔργον,
564 518 669 570 ἔρξω
697 519 803 569 sim.;
830 518 902 558 sed
927 519 1069 559 rectius
1095 519 1367 568 iudicabimus,
1396 519 1428 558 si
1456 519 1611 558 collatis

224 586 304 633 got.
331 578 522 630 vaurkjan
557 578 691 620 theod.
719 577 823 617 werlc
850 582 923 619 cet.
950 578 1031 618 illis
1065 578 1237 619 radicem
1264 593 1364 630 περγ
1391 578 1610 619 subiectam

226 653 313 681 esse
348 644 388 679 et
427 638 530 691 ῥέζω
569 639 622 678 ad
661 638 865 689 *feoij
910 637 1092 690 *fpeij
1134 638 1263 678 redire
1302 639 1609 679 meminerimus.

225 700 328 740 Hinc
364 699 467 739 enim
497 702 665 750 apparet
693 714 715 750 ρ
743 699 923 750 primitus
949 711 1030 738 non
1056 698 1109 738 ad
1135 698 1264 750 ipsum
1291 699 1476 739 vocabuli
1503 699 1609 751 prin-

225 759 370 811 cipium
398 771 484 800 esse
511 761 762 810 translatum3
790 759 831 799 id
859 759 965 809 quod
991 759 1043 799 ad
1064 758 1295 799 metathesis
1313 759 1507 799 rationem
1527 771 1608 800 non

224 819 370 860 nullius
397 824 456 860 est
481 820 686 867 momenti,
714 820 900 870 quoniam
927 819 1026 859 illud
1052 832 1189 870 genus,
1217 819 1259 858 in
1287 831 1363 869 quo
1391 820 1541 859 vocalis
1569 824 1608 860 et

223 879 374 931 liquida
408 880 450 919 in
485 880 678 930 principio
711 880 876 919 alicuius
911 879 1094 919 vocabuli
1128 879 1280 930 positae
1306 884 1606 929 commutantur,

224 944 349 982 certos
376 952 467 980 suos
491 943 530 979 et
557 944 745 990 angustos
771 938 869 979 fines
895 939 1044 978 habere
1070 939 1303 979 videbimus.

328 999 408 1040 Sed
435 1011 487 1039 ne
520 1000 636 1050 plura
674 998 725 1039 de
762 999 830 1038 via
868 1011 916 1038 ac
953 998 1126 1048 ratione,
1168 1011 1286 1049 quam
1325 1000 1452 1039 solam
1493 999 1607 1039 nobis

222 1059 435 1100 ineundam
464 1070 551 1099 esse
576 1059 656 1099 iam
683 1070 797 1099 nemo
825 1058 876 1098 sit
903 1058 998 1108 quin
1024 1058 1171 1108 videat,
1199 1080 1250 1086 ——
1276 1071 1382 1098 nunc
1409 1070 1477 1098 eos
1504 1071 1607 1098 com-

223 1131 440 1160 memorare
474 1118 609 1169 liceat,
651 1119 716 1168 qui
751 1122 908 1168 praeter
934 1118 1177 1157 Lobeckium
1205 1119 1398 1169 imprimis
1425 1119 1477 1157 ad
1505 1119 1608 1158 hanc

222 1191 318 1229 rem,
346 1191 463 1229 quam
489 1177 736 1218 tractandam
763 1178 1047 1228 proposuimus,
1076 1177 1227 1227 aliquid
1254 1178 1481 1218 attulerunt.

326 1240 385 1279 Ac
411 1239 578 1289 primum
605 1238 706 1277 inter
731 1238 822 1278 illos
849 1238 978 1277 locum
1006 1238 1320 1278 Dietrichius
1349 1239 1510 1288 obtinet,
1541 1239 1607 1288 qui

222 1300 264 1338 in
298 1299 627 1338 commentatione
657 1299 730 1337 ‘De
763 1298 981 1337 litterarum
1008 1298 1049 1336 in
1076 1298 1213 1347 lingua
1240 1298 1364 1336 latina
1391 1299 1605 1348 transposi-

222 1359 339 1398 tione'
369 1358 602 1408 (Numburgi
633 1359 746 1404 1846)
776 1357 948 1397 omnium
976 1358 1148 1398 maxime
1174 1358 1216 1397 id
1251 1362 1407 1398 secutus
1442 1362 1522 1406 est,
1565 1363 1607 1397 ut

221 1418 368 1457 auxilio
396 1417 617 1467 linguarum
636 1421 901 1467 cognatarum,
932 1429 1033 1466 quae
1050 1418 1215 1468 singulis
1233 1418 1439 1457 vocabulis
1456 1418 1606 1458 formae

221 1477 431 1529 primariae
465 1477 664 1517 subiectae
698 1480 850 1526 essent,
887 1481 1091 1527 quaereret
1123 1490 1171 1517 ac
1201 1478 1431 1518 metathesis
1457 1491 1606 1529 genera

222 1542 261 1577 et
300 1537 398 1577 fines
439 1536 705 1587 distingueret.
759 1536 846 1584 Qua
879 1537 920 1576 in
954 1549 998 1577 re
1024 1539 1202 1587 quamvis
1228 1551 1309 1577 non
1336 1539 1470 1578 omnia
1498 1543 1604 1579 recte

222 1596 485 1647 expediverit,
526 1600 660 1636 tamen
699 1597 823 1635 multa
863 1597 1012 1647 primus
1053 1598 1278 1637 observavit
1313 1601 1372 1647 et,
1417 1599 1604 1648 quoniam

219 1657 346 1697 latina
371 1657 616 1707 potissimum
642 1657 757 1697 nobis
775 1656 1015 1696 conferenda
1032 1661 1134 1706 sunt,
1162 1657 1281 1696 etiam
1301 1657 1351 1697 de
1369 1658 1482 1698 nobis
1501 1659 1605 1699 bene

221 1717 371 1756 meruit.
427 1716 583 1756 Deinde
618 1716 936 1756 Ritschelius
970 1716 1012 1755 in
1047 1717 1172 1756 Musei
1208 1717 1390 1757 Rhenani
1417 1722 1462 1757 tt.
1492 1718 1601 1757 VIII.

223 1781 262 1817 et
280 1777 353 1817 IX.
383 1776 443 1822 (cf.
466 1789 596 1827 opusc.
616 1777 668 1826 II,
690 1779 765 1817 528
785 1778 919 1827 sqq.)⁵)
949 1776 1143 1827 quaedam
1171 1778 1398 1818 metathesis
1419 1779 1602 1829 exempla

223 1838 383 1877 Graecis
411 1841 450 1876 et
468 1838 655 1877 Romanis
674 1837 896 1877 communia
914 1838 1108 1876 tractavit.
1163 1838 1202 1877 Is
1229 1850 1335 1885 vem,
1364 1851 1602 1888 quamquam

220 1898 261 1937 in
297 1897 463 1947 singulis
498 1897 733 1946 quibusdam
769 1909 960 1937 summam
988 1897 1073 1937 eius
1099 1898 1371 1937 auctoritatem
1399 1899 1510 1948 sequi
1538 1911 1604 1938 ne-

221 1958 394 2008 quimus,
433 1957 604 1996 maxime
640 1970 686 1997 eo
724 1958 837 1998 nobis
874 1957 1097 1997 laudandus
1134 1963 1211 2006 est,
1255 1959 1347 2008 quia
1374 1964 1416 1997 ut
1443 1959 1483 1997 in
1512 1959 1603 1998 aliis

220 2018 337 2058 rebus
364 2017 420 2057 sic
446 2017 487 2055 in
515 2017 590 2056 hac
616 2029 659 2057 re
678 2019 942 2057 Romanorum
970 2021 1009 2056 et
1028 2017 1276 2057 Doriensium
1303 2019 1486 2058 artiorem
1515 2030 1602 2058 esse

221 2077 494 2128 cognationem
536 2077 647 2117 vidit.
702 2079 802 2117 Tum
842 2077 1036 2117 laudandi
1077 2081 1185 2126 sunt,
1232 2078 1297 2127 qui
1344 2079 1393 2118 de
1437 2079 1603 2128 singulis

222 2137 412 2187 exemplis
441 2141 605 2186 egerunt
630 2159 682 2164 ——
706 2143 749 2177 ut
774 2137 1117 2188 grammaticarum
1143 2141 1322 2176 auctores
1350 2138 1527 2176 omittam
1552 2160 1602 2165 —

220 2196 521 2247 Meinekius‚
550 2210 588 2237 v.
615 2198 746 2238 Anall.
774 2199 887 2238 Alex.
918 2211 956 2248 p.
989 2199 1060 2236 118
1090 2201 1127 2237 et
1159 2199 1250 2247 119,
1289 2198 1385 2238 Leo
1413 2199 1601 2250 Meyer,

219 2271 257 2298 v.
287 2258 432 2308 ‘VergL
467 2259 641 2307 g1·amm.'
679 2272 716 2309 p.
747 2260 808 2307 69,
838 2261 887 2297 76
915 2262 953 2297 et
980 2257 1150 2296 maxime
1178 2270 1214 2307 p.
1249 2260 1320 2297 183
1349 2271 1432 2308 sqq.
1471 2259 1537 2306 (de
1567 2267 1602 2309 ψ

307 2406 331 2445 ⁵)
353 2405 425 2447 Ego
448 2405 505 2438 ubi
527 2405 745 2438 Ritschelium
775 2414 1009 2443 commemor0‚
1043 2414 1171 2446 semper
1200 2405 1439 2446 opusculorum
1467 2406 1601 2446 paginas

222 2455 307 2488 dico.
337 2454 466 2488 Deinde
488 2454 542 2487 hic
564 2464 714 2487 moneam
737 2457 769 2487 et
790 2455 879 2487 hunc
902 2458 934 2486 et
956 2453 1175 2486 Dietrichium
1197 2456 1230 2486 et
1253 2454 1466 2494 Meinekium⁷
1490 2454 1601 2495 prius-

223 2514 322 2547 quam
342 2505 504 2539 Lobeckii
525 2504 712 2538 dissertatio
735 2504 770 2537 in
791 2504 900 2537 lucem
920 2503 1052 2545 prodiit,
1076 2503 1257 2546 scripsisse.
