1808 2965
902 238 950 275 32

225 342 333 394 apud
361 341 575 381 Dorienses
603 353 720 390 quam
749 340 858 391 apud
884 342 1058 391 reliquos
1087 342 1259 382 Graecos
1290 341 1330 380 in
1366 353 1439 389 usu
1473 342 1614 397 fuisse3

225 403 288 443 cui
333 401 580 441 coniecturae
626 401 759 441 nullus
805 401 934 451 locus,
981 401 1046 452 qui
1087 405 1298 453 repugnet,
1345 402 1535 448 exstat⁴²).
1564 426 1612 432 —

226 461 485 513 Κερκιθαλίς
506 461 708 512 (Hesych.)
737 474 823 500 cum
848 462 917 500 lat.
939 462 1199 512 quer-quedam
1219 461 1437 512 composuit
1456 461 1614 501 Schwa-

224 521 313 560 bius
343 520 392 560 de
421 520 568 560 demin.
596 533 635 571 p.
665 522 727 560 89.

331 582 367 619 2.
397 578 576 633 κροκάλη
615 581 807 631 glarea,
849 580 997 620 littus
1037 581 1210 631 glarea
1250 584 1434 620 tectum
1462 600 1514 610 =
1541 591 1613 620 scr.

225 638 419 691 ςαν-Ιεὶινᾶ,
450 639 579 693 κρόκη
603 640 757 687 (eadem
778 640 922 690 signif.)
943 660 993 671 ε
1013 652 1085 679 scr.
1107 639 1235 691 (arka,
1265 652 1302 679 v.
1323 640 1436 680 Benf.
1456 641 1509 690 ΙΙ,
1527 643 1613 680 177.

226 700 382 739 Curtius
410 713 448 750 p.
482 702 555 739 138
583 700 757 739 radicem
785 700 958 749 aliquam
987 701 1060 737 kar
1101 699 1269 739 durum
1314 711 1427 740 esse
1465 701 1611 750 statuit,

224 759 277 799 ad
322 772 439 809 quam
480 758 673 810 κάρ-υον,
714 760 785 799 lat.
816 760 967 797 car-ina
996 763 1068 799 cet.
1107 759 1283 799 redeant.
1345 760 1409 799 Ad
1446 760 1614 800 eandem

225 819 487 869 probabiliter
514 823 553 858 et
580 820 652 858 illa
679 820 875 859 vocabula
902 823 941 858 et
969 818 1169 869 κρα-ναός
1196 819 1277 858 alia
1305 823 1357 863 (v,
1382 819 1488 859 Curt.
1510 821 1611 870 1.1.),

224 879 290 917 ubi
319 879 549 917 metathesis
574 879 680 917 facta
707 879 768 925 sit,
796 879 1081 918 revocabimus.

330 941 365 977 3.
396 936 546 988 κρόκος
588 951 765 978 crocus
806 939 884 978 iam
926 938 1126 989 Benfeyus
1166 937 1218 986 II,
1261 940 1333 977 177
1375 950 1461 977 cum
1502 937 1612 977 hebr.

223 998 332 1054 aba?
364 997 554 1043 (barbam)
593 999 777 1047 contulit,
817 997 996 1038 Hehnius
1031 1010 1125 1037 vero
1164 997 1496 1048 ‘Culturpflanzen
1530 997 1613 1036 und

224 1057 464 1098 Hausthiere
484 1058 569 1098 cet.’
598 1072 635 1109 p.
661 1062 733 1098 175
764 1062 801 1098 et
828 1070 910 1098 rem
940 1062 978 1098 et
1005 1071 1151 1099 nomen
1179 1070 1228 1098 ex
1247 1057 1343 1098 Asia
1370 1057 1422 1097 ad
1442 1057 1614 1097 Graecos

224 1119 419 1157 translata
460 1130 548 1158 esse
591 1120 812 1158 luculenter
848 1118 1033 1158 ostendit.
1104 1118 1281 1168 Cognata
1322 1123 1412 1157 sunt
1453 1118 1613 1157 nomina

223 1177 385 1233 propria
431 1180 640 1228 Κορκίνας
670 1200 713 1205 —
748 1180 974 1229 Κροκίνας,
1027 1181 1244 1228 Κρωκίνας
1281 1178 1533 1225 (Benselerus
1573 1190 1612 1228 p.

226 1240 299 1275 722
336 1238 454 1277 vertit
491 1238 676 1285 ‘Gelbe'),
721 1238 769 1277 de
806 1238 946 1287 quibus
982 1238 1136 1277 Keilius
1172 1238 1296 1276 Inscr.
1334 1238 1513 1277 Thessal.
1551 1238 1613 1276 III

225 1309 266 1347 p.
301 1298 346 1335 13
376 1296 468 1347 egit.

330 1359 364 1394 4.
395 1359 538 1407 κρίκος
568 1360 693 1396 ortum
722 1361 781 1396 est
810 1369 831 1397 e
860 1357 943 1396 dor.
973 1360 1115 1406 κίρκος
1145 1357 1254 1404 (Ahr.
1283 1370 1321 1407 p.
1350 1359 1438 1401 113)
1465 1377 1516 1388 =
1543 1357 1612 1395 lat.

223 1419 359 1458 circus,
391 1416 619 1466 quibuscum
650 1416 702 1455 ad
732 1416 899 1457 eandem
928 1416 1101 1456 radicem
1129 1417 1296 1456 redeunt
1325 1419 1483 1467 κέρκος,
1517 1431 1613 1466 κυρ-

222 1474 293 1522 τός
321 1477 374 1515 al.
403 1489 440 1515 v,
471 1475 576 1515 Curt.
605 1490 643 1527 p.
676 1480 761 1516 150.
817 1477 864 1516 In
905 1476 1042 1516 lituan.
1080 1476 1251 1521 lcreivas,
1296 1477 1446 1517 sloven.
1486 1476 1610 1523 hrz‘vvz‘,

223 1549 326 1587 quae
343 1537 507 1576 Fickius
526 1549 564 1587 p.
587 1539 661 1576 348
691 1549 777 1576 cum
804 1537 874 1575 lat.
904 1549 1041 1574 curvus
1069 1549 1118 1576 ex
1146 1549 1279 1588 europ.
1308 1536 1461 1574 *lem-va
1490 1536 1613 1584 duxit,

224 1602 262 1636 et
289 1597 330 1635 in
359 1596 492 1636 theod.
521 1601 598 1636 vet.
628 1596 740 1646 bring]
768 1596 933 1647 perinde
969 1601 1087 1647 atque
1122 1597 1163 1636 in
1201 1610 1257 1648 gr.
1288 1600 1430 1647 κρίκος
1463 1596 1614 1647 liquida

222 1657 441 1707 anticipata
469 1660 539 1710 est.

329 1720 363 1755 5.
394 1714 545 1767 κρατός
573 1736 624 1747 ==
651 1716 794 1755 island.
823 1716 989 1759 hardhr,
1020 1720 1098 1766 got.
1127 1716 1272 1754 hardus
1309 1730 1345 1757 v.
1375 1717 1486 1756 Fick.
1515 1718 1541 1756 l.
1571 1718 1611 1768 l.‚

223 1789 295 1816 scr.
324 1776 460 1814 bratus
487 1790 525 1815 v.
556 1776 661 1816 Curt.
690 1790 729 1827 p.
762 1779 846 1815 147.
902 1776 958 1817 St.
988 1792 1113 1826 καρτυ
1143 1782 1301 1817 servata
1333 1782 1392 1818 est
1427 1778 1469 1817 in
1505 1778 1609 1817 hom.

223 1836 451 1885 καρτύ-νως
481 1837 527 1875 ef.
557 1836 789 1887 κάρτιστος,
820 1836 903 1874 dor.
924 1834 1088 1886 κάρρων
1108 1850 1178 1886 pro
1198 1838 1420 1888 *καρτ]’ων,
1449 1837 1610 1887 κάρτος,

223 1894 434 1946 καρτερός,
465 1895 760 1947 καρτάζεσθαι,
791 1897 1025 1947 καρταίνειν
1049 1896 1261 1948 (Hesych.)‚
1287 1896 1417 1948 κάρτα
1436 1920 1487 1926 -
1506 1898 1610 1948 quod

224 1957 371 2006 optime
399 1956 571 1995 concinit
599 1968 685 1995 cum
714 1956 846 1995 theod.
875 1959 952 1995 vet.
982 1955 1115 1999 harto,
1145 1970 1182 1995 v.
1211 1957 1497 1997 Schweizerum
1527 1959 1607 1997 KZ.

222 2015 310 2065 XV,
333 2018 408 2054 315
429 2038 481 2043 ——
500 2020 573 2055 cet.
615 2014 828 2066 Καρτερός
856 2015 1020 2054 formam
1046 2016 1165 2056 Attici
1192 2017 1447 2067 retinuerunt,
1478 2030 1610 2068 quam-

222 2089 339 2126 quam
381 2075 533 2127 κράτος
573 2089 643 2127 pro
687 2074 839 2127 κάρτος
879 2075 1144 2115 adhibuerunt
1185 2080 1236 2125 (v.
1266 2078 1362 2117 Lob.
1392 2079 1494 2128 492).
1550 2080 1610 2119 De

221 2137 325 2176 hom.
356 2135 556 2188 κρατερός
584 2150 621 2175 v.
649 2137 752 2187 infra
779 2138 802 2184 ξ
824 2139 858 2175 6.
889 2158 936 2163 --
966 2130 1065 2175 Rad.
1096 2151 1198 2187 καρτ
1227 2149 1248 2177 e
1277 2152 1352 2189 καρ
1380 2138 1543 2179 faeere
1571 2143 1611 2179 et

223 2211 245 2234 τ
273 2197 491 2248 composita
518 2196 675 2236 videtur
705 2196 824 2243 (Curt.
854 2196 879 2235 1.
909 2196 964 2243 ].).

328 2260 363 2297 6.
394 2246 544 2307 κρᾶνος
573 2258 722 2307 galea
750 2270 829 2296 non
860 2256 996 2295 dubito
1026 2257 1117 2306 quin
1148 2268 1168 2296 e
1197 2262 1241 2296 st.
1263 2273 1338 2308 καρ
1369 2263 1517 2309 caput
1546 2258 1608 2299 (cf.

308 2391 347 2423 ⁴²>
372 2389 465 2422 Unde
487 2390 612 2432 Papius
635 2390 669 2423 in
691 2391 797 2424 lexico
821 2402 846 2424 s.
865 2403 894 2424 v.
917 2391 1067 2424 hauserit
1090 2391 1175 2433 quod
1198 2391 1277 2425 dicit
1299 2392 1401 2435 κέρκω
1425 2402 1497 2426 esse
1520 2392 1608 2434 apud

223 2440 453 2481 grammaticos
476 2441 643 2479 traditum,
667 2441 789 2473 nescio.
