1808 2965
902 214 950 251 34

332 318 366 354 7.
397 313 609 367 κρόταφος
637 327 723 354 cum
752 316 992 356 sanseriticis
1020 316 1222 356 vocabulis
1248 310 1377 364 kam-s
1398 321 1437 356 et
1455 317 1616 364 karta-s,

227 386 329 424 quae
375 387 545 414 cavum
588 374 827 426 significant,
869 381 908 416 et
947 376 1086 415 lituan.
1126 376 1327 414 harma-s
1369 381 1474 417 recte
1517 389 1618 418 com-

227 446 389 484 parasse
434 434 590 474 videtur
638 435 798 475 Fickius
840 449 876 487 p.
908 438 956 476 38
1004 436 1069 481 (de
1114 436 1252 475 suffixo
1295 435 1399 475 Curt.
1441 449 1480 487 p.
1510 439 1614 484 452).

226 494 437 543 Antiquior
477 494 603 534 forma
632 494 843 548 κόρταφος
877 496 1043 535 traditur
1078 495 1120 534 in
1156 496 1220 535 Et.
1249 495 1364 546 Gud„
1394 496 1440 535 cf.
1470 496 1615 537 Milleri

227 553 445 604 ‘Melanges
493 554 542 594 de
587 556 807 595 litterature
849 555 1015 605 Greque'
1056 568 1094 605 p.
1135 557 1207 594 193
1249 557 1392 606 (suppl.
1430 556 1482 596 ad
1530 557 1616 596 EM.

225 626 264 664 p.
294 617 382 663 541,
413 616 491 657 22).

332 676 368 713 8.
397 673 562 725 κρότος,
601 678 774 726 κροτέω,
810 674 1010 725 κρόταλον
1039 678 1110 713 cet.
1139 674 1192 713 ad
1218 674 1352 724 indog.
1380 675 1464 714 rad.
1492 674 1620 713 *hart
1686 718 1690 722 ‚

224 733 453 773 revocanda
482 739 590 783 sunt,
622 733 727 772 unde
755 746 828 773 scr.
857 733 1187 785 hapa-lcaJ-‹iya-tz‘
1211 746 1440 784 crepare,
1478 736 1616 774 lituan.

225 793 371 840 lter-tlt,
399 792 543 831 hirs-ti.
586 793 633 833 V.
663 794 843 833 Fickium
872 806 910 844 p.
933 796 994 844 36,
1025 794 1089 843 qui
1118 794 1241 834 multa
1270 794 1351 833 alia
1378 794 1454 834 hue
1482 795 1614 845 trahit,

226 866 327 903 quae
355 854 497 893 rectius
525 859 794 904 segregantur.
849 854 1045 893 Pristinae
1073 853 1222 893 formae
1250 859 1342 893 sunt
1363 854 1471 904 apud
1490 855 1618 906 Hesy-

224 914 374 952 chium:
404 912 571 964 κάρτος·
600 912 767 964 κρότος,
798 921 981 963 κορτεῖν·
1010 916 1278 964 κροτεῖσθαι,
1308 919 1390 953 tum
1417 914 1458 953 in
1486 926 1615 964 versu,

226 985 344 1022 quem
373 974 598 1013 Meinekius
627 973 734 1012 Com.
771 973 816 1011 fr.
845 973 918 1018 ΙΙΙ,
952 975 1024 1012 188
1060 973 1174 1012 affert
1209 974 1379 1023 Diogen.
1408 974 1523 1013 Prov.
1553 974 1616 1013 III

225 1034 295 1071 97:
337 1036 465 1084 γραῦς
511 1030 832 1085 ἅνακορτήσασα
879 1032 1009 1071 πολὺν
1056 1031 1270 1084 κονιορτὸν
1318 1031 1495 1084 ἔγειρεν,
1549 1033 1617 1072 ubi

224 1093 428 1142 vulgatam
464 1093 696 1144 scripturam
734 1089 1054 1145 ἀνακροτήσασα
1088 1097 1255 1133 metrum
1289 1094 1450 1143 respuit.
1505 1093 1616 1134 Idem

224 1152 449 1192 Meinekius
490 1152 664 1205 κόρτησε
706 1153 747 1190 in
783 1152 966 1203 Dionysii
1007 1164 1123 1191 versu
1164 1153 1243 1203 (ap.
1281 1152 1417 1203 Steph.
1454 1153 1549 1204 Byz.
1577 1166 1616 1203 p.

225 1214 316 1259 331)
344 1212 631 1252 restituendum
660 1223 746 1252 esse
776 1212 953 1252 coniecit.

329 1274 366 1310 9.
396 1272 581 1324 κροτώνη
611 1272 771 1311 nodus
800 1273 881 1321 qui
911 1273 1060 1311 estin
1096 1272 1291 1311 arboris
1327 1274 1488 1323 stirpe
1516 1273 1617 1312 Ben-

222 1332 337 1382 feyus
366 1332 406 1370 II
436 1334 511 1371 319
547 1332 765 1371 rectissime
802 1343 888 1369 cum
924 1331 992 1370 lat.
1023 1331 1213 1381 cartilayo
1255 1332 1483 1383 composuit.
1539 1332 1615 1372 Pro

223 1392 358 1431 radice
378 1392 540 1432 Fickius
566 1405 605 1442 p.
627 1394 675 1430 36
704 1391 797 1429 hart
821 1395 979 1431 nectere
1006 1391 1138 1439 habet,
1168 1391 1274 1431 unde
1301 1397 1458 1441 praeter
1486 1397 1617 1432 cetera

223 1463 296 1490 scr.
316 1451 468 1489 karta-s
496 1451 769 1491 canistrum
799 1455 839 1490 et
866 1450 1006 1490 eadem
1026 1449 1314 1500 significatione
1332 1464 1391 1502 gr.
1412 1451 1615 1503 κάρταλος

221 1512 483 1551 manaverint.
539 1510 744 1559 (Similiter
771 1510 972 1562 Benfeyus
999 1511 1025 1549 1.
1055 1511 1096 1558 l.)
1147 1533 1152 1540 ·

333 1575 392 1610 10.
423 1574 577 1621 κραίνω
607 1574 666 1617 (st.
689 1574 804 1620 κραν)
833 1570 979 1619 prodiit
998 1583 1020 1609 e
1038 1570 1123 1608 rad.
1143 1585 1220 1621 καρ
1249 1571 1434 1619 facere,
1465 1571 1512 1609 cf.
1541 1583 1615 1609 scr.

223 1629 386 1673 sear-oti,
417 1629 593 1667 kar-man
622 1630 838 1678 facinus,
867 1629 937 1668 lat.
966 1642 1109 1673 cer-zm,
1144 1631 1290 1673 Cer-es,
1320 1630 1458 1669 lituan.
1486 1629 1616 1668 leur-iic

222 1690 527 1740 aedificare,
571 1689 677 1729 Curt.
721 1702 759 1739 p.
801 1692 885 1727 147.
942 1688 1122 1739 Κρόνος,
1168 1689 1272 1739 quod
1315 1689 1468 1729 Curtius
1509 1690 1617 1729 haud.

223 1750 340 1789 dubie
375 1755 481 1790 recte
521 1750 597 1789 huc
638 1749 771 1788 retulit
813 1752 852 1787 et
893 1759 979 1787 cum
1020 1761 1092 1787 scr.
1135 1748 1321 1798 Isaram-s
1359 1751 1614 1800 comparavit,

223 1809 363 1849 eodem
389 1810 507 1850 modo
535 1810 745 1849 formatum
773 1808 930 1848 videtur
958 1820 1004 1847 ae
1033 1811 1224 1860 κρά-νο-ς
1253 1822 1274 1849 e
1302 1814 1349 1849 st.
1379 1825 1491 1861 καρ-,
1521 1809 1616 1849 κλό-

223 1884 315 1916 νο-ς
344 1883 366 1909 e
393 1870 464 1908 κολ
492 1871 611 1917 (κελ),
640 1883 676 1908 v.
706 1883 744 1908 n.
776 1870 837 1914 59,
866 1869 918 1907 al.
973 1869 1020 1906 In
1053 1872 1201 1919 κρείων
1237 1869 1400 1920 (κρέων)
1438 1870 1537 1909 sicut
1573 1870 1615 1909 in

221 1931 410 1980 graecoit.
439 1934 487 1969 st.
516 1928 678 1980 *lsra-ja
707 1937 757 1971 (v.
787 1940 906 1978 supra
933 1929 956 1975 ἓ
986 1930 1024 1969 3)
1053 1929 1283 1969 metathesis
1310 1930 1414 1969 facta
1445 1929 1613 1980 videtur,

223 1991 316 2029 dum
335 1991 366 2041 j
389 1991 521 2029 littera
547 1990 704 2038 integra
732 1989 977 2027 servabatur.

331 2053 389 2087 11.
421 2047 592 2099 κράνος,
637 2046 808 2098 κράνεια
848 2047 1097 2086 metathesim
1137 2060 1257 2097 passa
1298 2058 1386 2086 esse
1427 2047 1510 2086 solo
1543 2048 1612 2086 lat.

223 2122 363 2146 cornus
404 2112 631 2158 comparato
672 2105 831 2157 probari
874 2106 1028 2154 nequit;
1072 2119 1193 2155 quare
1234 2106 1471 2145 Dietrichius
1511 2120 1548 2157 p.
1590 2110 1611 2145 7

223 2218 324 2250 semel
346 2218 512 2259 reperitur
533 2227 586 2259 ap.
610 2217 778 2249 Simmiam
800 2216 920 2253 Rhod„
943 2227 972 2248 v.
996 2216 1101 2247 Bekk.
1126 2216 1251 2248 Anecd.
1273 2226 1305 2257 p.
1333 2219 1421 2249 1181.
1437 2217 1611 2250 —Notum

225 2269 287 2306 est,
310 2277 407 2308 quam
429 2261 585 2309 perverse
608 2267 648 2299 de
670 2266 769 2299 variis
792 2267 843 2299 his
866 2265 983 2299 formis
1005 2264 1187 2298 iudicatum
1209 2266 1263 2306 sit,
1286 2276 1360 2298 cum
1383 2271 1426 2299 st.
1440 2269 1615 2297 ΚΑΡΗΑΡ

222 2317 294 2349 sim.
325 2318 559 2349 statuerentur.
602 2316 672 2349 Nec
702 2316 882 2349 Kuhnerus
911 2324 959 2356 gr.
991 2317 1051 2347 356
1081 2315 1257 2356 quidquam
1286 2315 1329 2348 ad
1359 2316 1613 2357 explicationem

221 2367 354 2399 illarum
388 2366 514 2405 attulit,
547 2365 616 2397 Leo
647 2365 762 2407 Meyer
790 2374 867 2397 vero
902 2363 984 2404 ‘Vgl
1008 2364 1069 2405 gr.'
1092 2363 1133 2402 11,
1157 2366 1216 2396 229
1250 2374 1422 2407 perperam
1456 2367 1540 2407 κάρη
1571 2375 1612 2398 ex

224 2418 385 2456 *napafa
409 2418 518 2446 ortum
540 2415 678 2455 putavit.
