1808 2965
912 239 957 276 16

238 346 380 381 natura
424 340 593 391 positam
639 339 759 380 fuisse
803 340 1054 380 statuendum
1099 341 1184 380 erit.
1240 341 1342 381 Nam
1388 340 1476 390 hae,
1523 353 1625 392 quac

237 401 409 441 maxime
437 412 639 451 syncopae
666 400 823 450 favent,
867 400 1031 440 eaedem
1075 400 1260 441 facillime
1295 398 1520 449 ἀνάπτυξιν
1556 402 1625 442 ad-

237 461 395 500 mittunt
423 459 448 499 i.
477 471 511 499 e.
544 460 722 500 vocalem
759 472 809 500 ex
843 472 886 501 se
928 460 1149 511 explicant3
1190 460 1232 499 id
1271 464 1403 501 autem
1444 472 1531 501 eam
1573 462 1624 501 ob

236 533 318 561 rem
338 519 421 560 fieri
438 519 576 570 potuit,
606 520 699 569 quia
715 533 795 559 non
823 521 1006 560 clausura
1032 520 1073 559 in
1100 520 1235 570 aliqua
1263 521 1341 560 oris
1368 524 1480 571 parte
1506 519 1622 568 facta,

236 580 307 620 sed
335 579 476 631 spiritu
503 590 573 629 per
600 579 793 629 quasdam
820 580 1024 630 angustias
1051 578 1257 630 paullatim
1286 579 1391 619 edito
1424 579 1625 631 proferun-

235 644 309 690 tur,
338 639 394 679 ita
421 643 463 678 ut
489 639 640 695 vocalis
668 652 787 680 sonus
814 639 931 680 facile
958 640 1111 691 perlabi
1139 643 1339 690 tamquam
1358 644 1398 680 et
1415 644 1624 692 penetrare

235 700 380 750 possit3
416 710 539 748 quare
574 699 685 749 ipsae
720 699 815 738 illae
852 700 1051 749 quendam
1079 699 1227 739 vocalis
1255 711 1395 739 sonum
1423 700 1624 740 continere

235 771 353 811 posse
390 758 635 804 dicuntur¹⁷).
705 760 844 809 Itaque
886 759 1036 811 καρδία
1077 771 1148 810 per
1187 758 1331 799 formas
1370 759 1625 801 intermedias

236 818 441 869 *καραὸια
469 841 521 846 -
548 816 790 869 (*καραδια)
826 841 879 847 -
913 818 1121 870 *καραδια
1157 819 1197 857 in
1234 818 1385 869 κραδία
1419 820 1625 860 transiisse

234 879 414 918 conicere
442 877 544 917 licet.
601 877 727 925 Quam
760 878 812 916 ad
848 890 930 917 rem
966 877 1198 917 firmandam
1235 891 1315 917 non
1350 879 1476 918 solum
1513 877 1625 931 σφά-

235 952 361 990 ραγος
390 950 414 977 a
442 937 525 977 rad.
554 950 685 988 spary,
715 949 785 977 scr.
816 936 935 989 spetr'q
962 937 1083 983 (Curt.
1107 940 1207 987 176),
1237 936 1412 989 σκόλοψ,
1442 937 1622 977 σκολόπ-

233 1012 290 1036 τω
319 1017 371 1029 =
398 998 467 1037 lat.
504 998 636 1048 sculpo
676 997 743 1043 (ib.
774 999 859 1048 57),
901 998 986 1037 sim.
1028 997 1243 1045 faciunt¹⁸),
1288 998 1356 1037 ubi
1395 997 1625 1038 metathesis

233 1063 434 1109 tamquam
461 1058 502 1097 in
530 1056 662 1098 media
689 1058 755 1097 via
781 1058 1002 1098 substitisse
1029 1058 1227 1107 videatur,
1255 1081 1307 1085 —
1334 1057 1405 1098 sed
1432 1071 1623 1098 nonnum-

234 1131 352 1168 quam
390 1118 507 1158 etiam
547 1118 588 1157 in
631 1118 779 1157 eisdem
822 1119 984 1158 vocibus
1024 1118 1272 1158 metathesim
1313 1122 1352 1157 et
1391 1118 1465 1158 hoc
1505 1118 1623 1158 modo

233 1182 425 1217 tentatam
469 1182 507 1218 et
547 1181 672 1216 totam
714 1178 926 1228 perfectam
970 1178 1241 1228 conspicimus.
1298 1177 1363 1218 Sic
1402 1182 1461 1218 est
1486 1190 1512 1217 a
1538 1178 1621 1217 rad.

231 1244 359 1287 μαΛκε
1274 1238 1283 1246 ”

337 1295 537 1346 μαλκ-ό-ς·
580 1295 778 1346 (μαλακός
821 1296 927 1346 expl.
964 1296 1070 1341 Hes.)
1099 1319 1150 1324 —
1176 1295 1403 1345 μαλακ-ό-ς·
1431 1319 1482 1324 —-
1508 1296 1623 1347 βλάξ,

231 1357 383 1406 βλακία
413 1359 498 1405 (pro
526 1354 721 1404 *μλακ-ς,
750 1353 971 1403 *μλακ-ια)
1000 1361 1087 1404 cet„
1117 1356 1162 1394 cf.
1195 1361 1215 1401 ξ
1247 1358 1269 1393 5
1297 1368 1334 1394 n.
1366 1358 1426 1394 69.

337 1428 362 1454 a
398 1415 481 1454 rad.
518 1429 639 1466 ταρχ;
681 1412 829 1467 rapx-27¹
859 1414 982 1462 (Hes.)
1010 1437 1059 1443 —
1088 1413 1286 1467 ταραχ·ή,
1314 1412 1509 1466 ταράσσει)
1539 1417 1623 1466 (pro

230 1474 448 1526 ‘capax—jeu)
478 1497 528 1502 —
555 1478 791 1526 τέ-τρηχ-α,
828 1474 1006 1526 θράσσω
1037 1478 1122 1525 (pro
1151 1476 1339 1526 wax-jeu)
1368 1478 1439 1513 cet.
1469 1475 1516 1514 cf.
1546 1480 1567 1522 ξ
1598 1479 1622 1513 4

231 1549 267 1575 n.
300 1537 348 1575 33
379 1534 464 1574 sim.

337 1594 488 1633 Eodem
516 1605 608 1633 vero
636 1599 829 1644 spectant,
859 1607 960 1644 quae
988 1594 1242 1643 Benfeyus
1272 1592 1348 1632 ‘On
1370 1606 1406 1632 u.
1427 1592 1527 1633 Occ.'
1547 1595 1572 1632 l.
1593 1595 1619 1633 l.

232 1654 282 1693 de
309 1653 541 1692 metathesis
569 1657 710 1692 natura
744 1654 917 1703 protulit.
973 1654 1012 1692 Is
1042 1653 1146 1692 enim
1174 1666 1211 1702 p.
1243 1655 1291 1690 24
1320 1664 1403 1702 sqq.
1441 1653 1554 1692 docte
1582 1657 1622 1693 et

229 1713 426 1752 subtiliter
467 1713 649 1761 exposuit
689 1713 730 1751 in
770 1712 981 1751 veterrima
1020 1712 1208 1750 Indorum
1248 1712 1386 1761 lingua
1424 1708 1621 1751 interdum

229 1773 408 1812 vocalem
446 1775 536 1822 post
563 1785 586 1809 r
619 1784 706 1812 esse
740 1772 1034 1823 interpositam,
1082 1773 1191 1812 velut
1228 1772 1269 1810 in
1310 1770 1510 1809 alceiraskft
1547 1784 1621 1823 pro

231 1832 422 1874 altars-hic,
467 1831 688 1869 alcarisham
723 1845 794 1882 pro
834 1832 1060 1875 αΙεᾶνεΙιαηι,
1103 1832 1292 1868 tar-asanti
1318 1844 1389 1880 pro
1424 1830 1626 1869 *tar-santi

231 1891 351 1941 (vulg.
387 1893 585 1937 trasanta),
628 1892 768 1930 hur-uta
810 1905 881 1943 pro
921 1892 1037 1929 lem-ta
1080 1891 1164 1931 sim.
1192 1912 1255 1938 --‚
1283 1895 1466 1941 recteque
1507 1891 1620 1931 zend.

229 1951 422 2001 ‹ladareqa
451 1971 500 1982 =
529 1963 602 1990 scr.
633 1951 818 1997 (Ιαᾱανςα,
850 1952 1087 1999 ὸῆανᾳίἠνὶηι
1115 1971 1166 1981 =
1195 1963 1267 1990 scr.
1297 1950 1496 1994 bhartrim,
1538 1952 1620 1990 alia

229 2010 405 2058 contulit,
435 2022 509 2049 nec
537 2011 666 2050 minus
694 2015 801 2050 recte
828 2012 987 2050 vocales
1015 2010 1178 2050 caninas
1204 2024 1227 2058 J·
1255 2014 1293 2050 et
1322 2023 1388 2047 cre
1407 2032 1457 2036 -—-
1477 2010 1524 2049 cf.
1544 2023 1619 2062 scr.

315 2145 353 2178 ¹⁷)
377 2144 426 2176 Cf.
450 2144 603 2176 Bruecke
627 2143 859 2185 ‘sprachlaute'
891 2154 923 2185 p.
950 2147 1001 2183 31,
1025 2149 1057 2177 et
1080 2144 1169 2176 Curt.
1194 2153 1226 2184 p.
1251 2145 1329 2175 616:
1369 2143 1532 2176 ‘Genauer
1561 2144 1619 2177 be-

227 2194 371 2226 trachtet
393 2194 435 2226 ist
458 2193 517 2225 der
540 2193 700 2226 einschub
724 2196 800 2232 (von
821 2194 958 2226 vocalen
985 2194 1037 2227 bei
1056 2194 1135 2236 liqu.
1160 2204 1191 2226 u.
1209 2195 1294 2232 nas.)
1311 2193 1383 2225 ciue
1404 2193 1526 2226 vellere
1547 2196 1619 2226 ent-

226 2242 356 2283 faltung
374 2243 471 2283 jener
493 2243 527 2274 in
550 2243 614 2275 den
635 2248 823 2284 genannten
848 2243 1013 2276 tonendcn
1038 2244 1152 2276 lauten
1168 2242 1462 2275 wahrnehmbaren
1476 2243 1616 2281 stimme,

227 2291 281 2324 die
303 2292 390 2323 auch
412 2292 660 2333 vorgeschobne
677 2293 791 2325 vocale
812 2304 871 2325 vor
893 2293 993 2325 ihnen
1016 2296 1159 2333 erzeugt.
1195 2291 1266 2324 Auf
1285 2292 1472 2325 demselben
1492 2292 1618 2334 grunde

226 2341 350 2374 beruht
373 2341 426 2373 die
447 2341 633 2383 haufigkeit
655 2342 713 2374 der
735 2344 925 2375 metathe
938 2343 994 2374 sis
1019 2341 1073 2374 bei
1095 2341 1273 2374 denselben
1294 2341 1416 2374 lauten.

316 2391 352 2429 ¹⁸)
375 2390 477 2422 Plura
499 2391 649 2432 exempla
670 2391 773 2424 habes
796 2392 884 2434 apud
900 2392 1087 2424 Waltcrum
1111 2390 1203 2423 ‘uber
1224 2391 1553 2433 vocaleinschiebung
1574 2391 1618 2424 im

226 2439 360 2480 griech.'
383 2438 452 2472 KZ.
475 2440 533 2478 XI,
557 2443 616 2472 428
640 2451 708 2483 sqq.
742 2441 816 2480 XII,
840 2444 899 2473 375
924 2450 994 2482 sqq.
1016 2445 1049 2473 et
1072 2443 1126 2472 401
1156 2450 1225 2481 sqq.
