1808 2965
916 297 956 333 11

240 398 376 441 hibere
420 401 658 452 potuissent,
705 401 966 451 explicavit⁷).
1039 399 1091 438 At
1135 411 1227 439 vero
1266 421 1314 426 -
1351 403 1394 438 ut
1440 399 1626 450 exempla

241 463 570 511 praetermittam,
612 461 678 501 ubi
713 464 864 501 mutata
897 460 1115 503 litterarum
1151 460 1357 500 collocatio
1392 472 1472 500 non
1504 464 1626 499 meta-

240 520 341 561 thesi
368 522 439 561 sed
467 533 514 561 eo
547 521 784 572 explicanda
819 526 896 571 est,
940 521 1044 571 quod
1080 533 1129 560 ex
1164 534 1243 560 una
1277 521 1403 560 forma
1438 520 1626 571 primaria

241 582 320 620 alia
357 581 564 622 affectione
591 582 694 622 duae
720 581 869 621 formae
895 581 1161 633 prodierunt⁸)
1189 605 1239 609 -—
1267 581 1348 621 tale
1383 580 1478 631 quid
1513 581 1624 621 nullo

240 641 357 682 modo
394 642 553 693 probari
587 646 716 693 potest
743 645 782 682 et
808 654 858 682 ex
884 654 1011 682 rerum
1039 646 1179 681 natura
1206 642 1289 681 veri
1318 641 1624 681 dissimillimum

241 705 355 740 esset.
427 701 522 741 Cum
567 707 697 742 autem
734 714 768 741 e.
796 714 833 752 g.
870 701 1020 752 ὁρατός
1066 714 1115 741 ex
1163 700 1373 752 ὄαρ-τό-ς,
1422 701 1573 753 ὄρίφος
1602 714 1624 741 e

245 759 439 812 δί-φρ-ος
468 776 489 811 ρ
518 761 759 812 transposito
787 761 979 811 prodiisse
1007 761 1048 799 in
1075 765 1212 812 aperto
1240 761 1309 810 sit,
1346 765 1427 799 tum
1455 761 1496 799 in
1532 761 1623 801 aliis

242 823 346 859 certo
374 821 542 870 quodam
570 822 789 872 linguarum
827 832 1022 860 consensu
1059 820 1242 859 docemur
1276 820 1327 859 ab
1367 833 1461 859 una
1498 821 1623 861 forma

187 893 189 895 ’
243 883 348 920 certo
374 881 591 921 litterarum
620 881 757 931 ordine
783 881 994 920 constituta
1021 892 1109 920 esse
1136 879 1470 930 proficiscendum.

345 942 543 982 Tenemus
569 942 705 992 igitur,
742 941 847 991 quod
875 941 995 990 vulgo
1031 939 1218 989 creditur,
1256 942 1624 981 transmutationem

241 1000 457 1040 litterarum
485 1001 568 1041 fieri
591 1001 765 1051 potuisse
784 1004 824 1039 et
842 1000 1093 1050 phoneticam
1112 1011 1199 1039 esse
1218 1000 1477 1050 affectionem,
1507 1014 1625 1051 quam

243 1060 470 1100 enitendum
512 1065 571 1100 est
611 1065 653 1100 ut
686 1064 887 1110 tamquam
915 1060 1074 1099 auribus
1101 1060 1364 1112 percipiamus
1391 1065 1431 1099 et
1458 1061 1627 1101 Graeco-

243 1133 329 1159 rum
355 1120 543 1170 loquendi
571 1119 853 1159 consuetudine
881 1120 1092 1159 observata
1118 1120 1407 1170 intellegamus.
1462 1121 1520 1159 Ac
1546 1121 1627 1160 iam

243 1180 506 1220 Buttmannus
542 1181 569 1219 l.
597 1180 623 1218 l.
661 1183 766 1219 recte
806 1179 1123 1219 commoditatem
1157 1179 1346 1229 loquendi
1380 1183 1419 1219 et
1456 1192 1627 1231 pronun-

242 1239 367 1279 tiandi
393 1239 624 1280 facilitatem
650 1252 731 1279 non
749 1238 848 1278 nihil
868 1239 920 1278 ad
938 1239 1187 1279 metathesim
1206 1240 1381 1296 valuisse
1400 1239 1627 1279 observavit

242 1299 402 1349 eiusque
429 1299 485 1339 rei
514 1300 736 1350 exemplum
766 1297 940 1350 ἔδρακον
960 1299 1102 1347 attulit,
1130 1298 1295 1338 formam
1322 1311 1409 1353 cum
1436 1299 1626 1340 leviorem

241 1364 323 1398 tum
363 1360 617 1409 pronuntiatu
656 1359 871 1399 faciliorem
912 1371 1028 1409 quam
1072 1357 1259 1410 ἕδαρκον.
1322 1359 1373 1398 Et
1412 1359 1494 1398 alia
1534 1364 1626 1399 sunt

244 1419 427 1469 exempla
461 1419 516 1458 ita
551 1423 795 1469 comparata,
822 1422 876 1469 lut
906 1418 1115 1458 metathesi
1144 1418 1261 1457 etiam
1284 1418 1507 1472 *litterarum
1536 1432 1627 1459 con·

241 1478 459 1518 iunctiones
499 1479 656 1517 omnino
697 1479 967 1518 intolerabiles
1005 1478 1173 1517 evitatas
1208 1489 1295 1517 esse
1332 1484 1526 1528 appareat
1563 1480 1622 1527 (cf.

240 1537 341 1576 infra
367 1539 391 1586 ξ
420 1540 469 1582 8).
531 1539 683 1577 Tamen
717 1538 829 1577 illam
864 1550 1022 1577 causam
1056 1549 1136 1575 non
1171 1536 1224 1575 ad.
1257 1538 1625 1578 transmutationem

242 1597 519 1648 explicandam
565 1597 740 1637 sufficere
785 1597 901 1637 facile
942 1602 1002 1637 est
1040 1596 1255 1635 intellectu.
1310 1595 1424 1643 Quod
1464 1602 1507 1636 ut
1546 1611 1624 1637 uno

242 1658 382 1697 saltem
410 1658 591 1708 exemplo
615 1657 913 1706 demonstretur,
942 1657 1018 1696 hoc
1044 1656 1178 1696 affero.
1234 1655 1331 1695 Cum
1359 1658 1485 1697 multa
1512 1670 1626 1699 voca-

242 1718 337 1756 bula
363 1729 506 1767 graeca
534 1731 593 1756 σπ
620 1721 659 1756 et
688 1731 737 1756 σκ
765 1717 807 1756 in
835 1717 962 1756 fronte
990 1717 1183 1765 habeant,
1226 1728 1384 1766 prorsus
1411 1729 1491 1756 non
1520 1730 1625 1758 asse-

242 1776 405 1826 quimur,
438 1789 516 1826 qua
543 1776 765 1827 euphoniae
791 1777 881 1826 lege
908 1788 941 1816 e.
969 1789 1006 1826 g.
1038 1775 1242 1823 σπέλλιον,
1273 1778 1424 1827 σκίφος
1450 1777 1492 1815 in
1521 1778 1625 1827 ψέλ-

241 1837 349 1883 λιον,
393 1837 515 1887 ξίφος
555 1840 706 1875 mutata
746 1836 871 1881 sint.⁹).
926 1836 1032 1875 Sane
1068 1835 1361 1874 concedendum
1396 1840 1455 1875 est
1491 1837 1623 1887 aliquo

325 2012 351 2050 ⁷)
375 2011 471 2051 Quod
491 2011 655 2044 Homerus
678 2015 711 2044 et
733 2012 789 2053 qui
811 2012 882 2044 eius
905 2020 1088 2044 sermonem
1109 2011 1228 2044 imitati
1259 2015 1337 2044 sunt
1365 2012 1453 2045 ultra
1481 2013 1624 2053 vulgaris

243 2059 376 2101 linguae
398 2060 669 2093 consuetudinem
692 2061 755 2093 hac
777 2061 811 2093 in
833 2070 869 2093 re
892 2063 1121 2100 excesserunt,
1153 2061 1188 2093 id
1213 2061 1298 2094 alias
1327 2062 1471 2093 rationes
1501 2062 1624 2094 habere

243 2108 333 2141 infra
361 2109 545 2151 apparebit.
577 2109 626 2142 Cf.
650 2112 680 2150 ᾗ.
704 2113 732 2142 6.
776 2110 1000 2142 Buttmannus
1032 2119 1108 2142 vero
1142 2110 1272 2142 omnino
1305 2110 1525 2151 antiquiorem
1557 2120 1624 2143 ser-

243 2168 372 2191 monem
394 2158 632 2200 quodammodo
654 2158 835 2192 fluctuasse
856 2159 998 2201 putabat
1019 2159 1075 2198 (cf.
1099 2159 1190 2192 Curt.
1213 2170 1245 2200 p.
1272 2163 1330 2199 17).

328 2208 352 2246 ⁸)
376 2207 472 2239 Cadit
492 2208 557 2240 hoc
578 2208 613 2239 in
634 2216 674 2240 ea
696 2208 873 2248 vocabula,
907 2209 941 2240 in
971 2207 1090 2248 quibus
1113 2208 1153 2240 de
1176 2217 1320 2250 syncope
1342 2208 1481 2249 cogitari
1502 2211 1625 2250 potest,

241 2256 331 2288 velut
352 2255 381 2288 si
402 2256 459 2296 qui
480 2255 649 2298 πατράσιν
670 2266 739 2289 non
761 2266 802 2290 ex
824 2259 1041 2298 *παταρ-σιν,
1067 2256 1125 2289 sed
1143 2266 1183 2289 ex
1199 2258 1448 2298 *πατερ-ασσιν
1460 2258 1628 2292 duxerunt

244 2305 298 2345 (cf.
322 2308 351 2345 ξ.
375 2309 394 2338 6
416 2316 448 2337 n.
473 2309 534 2345 76).
577 2306 725 2347 Itemque
747 2307 956 2348 aspirationis
978 2306 1169 2338 metathesis
1192 2316 1276 2347 quae
1297 2307 1438 2347 videtur,
1461 2318 1625 2341 nonnum-

245 2364 343 2396 quam
374 2355 484 2395 potius
517 2355 564 2386 ita
597 2356 793 2395 explicanda
826 2359 893 2395 est,
933 2359 970 2386 ut
999 2354 1152 2395 primitus
1186 2355 1270 2387 duae
1303 2356 1471 2396 aspiratae
1493 2356 1625 2396 fuerint,

246 2413 385 2447 quarum
407 2403 523 2437 deinde
545 2403 649 2437 altera
671 2406 747 2438 utra
768 2404 803 2438 in
825 2406 956 2438 tenuem
977 2403 1069 2437 abiit.

329 2455 353 2495 9)
376 2455 536 2486 Σπὲλλιον
564 2454 784 2496 antiquiorem
812 2455 950 2488 formam
979 2464 1052 2487 esse
1081 2464 1121 2487 ex
1151 2455 1292 2488 aliorum
1325 2457 1548 2497 exemplorum
1582 2457 1628 2489 si-

245 2503 429 2535 militudine
452 2503 696 2542 concludimus,
727 2504 767 2536 cf.
791 2504 860 2537 dor,
883 2504 957 2543 ψίν,
982 2504 1028 2542 ψέ
1058 2513 1118 2545 pro
1142 2504 1238 2545 σφίν,
1265 2506 1338 2546 σφὲ,
1364 2504 1481 2544 ψύττω
1505 2521 1547 2532 =
1569 2505 1626 2537 lat.
