1808 2965
881 261 931 299 33

216 363 329 403 zcnd.
358 377 448 416 (tara
475 366 545 405 lat.
574 363 790 402 cere-hrum
817 369 890 404 cet.
920 364 1025 404 Curt.
1054 378 1091 415 p.
1121 366 1208 409 136)
1238 363 1460 403 derivatum
1488 362 1538 403 sit
1547 364 1601 409 ⁴³).

216 424 366 466 Eodem
412 425 581 477 pertinet
622 426 808 476 κρᾱνίον,
854 425 958 475 quod
998 425 1160 465 Fickius
1198 438 1236 476 p.
1274 426 1349 464 348
1392 436 1480 464 cum
1520 428 1599 474 got.

216 484 406 529 hvairnei,
448 484 580 524 theod.
616 483 723 521 ltz'rm'
755 483 808 523 ad
844 496 978 535 europ.
1020 484 1191 535 *karnja
1220 484 1440 534 revocavit3
1470 497 1494 523 a
1522 495 1599 533 quo

216 545 334 584 ctiam
372 544 534 595 propius
569 544 682 583 abest
717 555 878 581 cernuus
911 544 1145 584 vocabulum
1173 556 1198 583 a
1224 543 1377 594 Buggio
1407 541 1599 583 ‘Studien'

214 604 282 655 IV,
325 607 400 644 342
446 615 470 643 e
513 606 560 643 st.
606 601 751 641 *cerno
798 608 945 655 caput
990 603 1159 644 ductum.
1231 605 1383 644 Tamen
1428 602 1597 643 fortasse

169 691 171 694 v
215 667 398 715 κρᾶνίον,
448 670 578 714 κρᾶνα
631 662 804 715 (κεφαλή
852 665 955 714 cxpl.
1002 665 1210 715 Hesychq)
1259 679 1386 716 κρηνη
1435 666 1598 713 (caput

140 765 146 770 ,
213 723 373 763 fontis
399 736 436 762 v.
466 723 695 768 Curt.1.l.)
725 722 809 762 sim.
838 724 890 763 ad
918 724 1078 774 stirpem
1108 738 1308 775 καρ-ανο,
1338 735 1440 773 quae
1467 723 1596 763 estin

213 781 408 834 καροῖνός,
445 782 642 836 κάρηνον,
684 781 891 822 referenda
918 787 1027 833 sunt,
1069 783 1117 822 cf.
1145 782 1404 835 ἀμφίκροῖνος
1431 783 1594 833 (Eurip.)

211 862 264 873 ==
291 839 583 895 ἆμφικάρηνος
624 842 843 892 (Nicand.)‚
889 842 1151 894 πρόσκρᾶνον
1196 843 1453 892 pulvinus,
1502 840 1596 880 ἐπί-

212 904 358 953 κροῖνον
404 902 509 952 sim.;
554 906 635 940 tum
681 905 812 939 autem
857 914 937 940 non
989 902 1238 949 metathesis,
1296 901 1367 940 sed
1420 913 1595 952 syncope

212 961 422 1001 statuenda
450 965 520 1001 est.
575 960 725 1000 Eadem
752 972 846 1000 vero
875 960 1065 1000 dubitatio
1093 961 1133 999 in
1161 961 1251 1000 aliis
1279 973 1434 1010 quoque
1461 961 1596 1001 formis

211 1033 236 1060 a
263 1024 311 1060 st.
340 1035 417 1071 καρ
454 1020 642 1059 derivatis
677 1021 852 1059 occurrit.
908 1020 975 1059 Sic
1009 1023 1316 1072 κατα-κρῆ-θεν
1345 1024 1407 1066 (Π
1431 1022 1521 1066 548)
1558 1024 1597 1059 et

212 1078 464 1132 κρή-ὁεμνον
492 1080 671 1130 quamvis
698 1078 750 1119 ad
777 1079 904 1131 ipsam
933 1080 1095 1131 stirpem
1123 1095 1200 1132 καρ
1225 1080 1354 1120 redire
1373 1080 1594 1131 suspicatus

212 1140 278 1189 sis,
307 1143 440 1179 tamen
467 1155 566 1192 κρη-
594 1140 712 1179 etiam
740 1152 811 1189 pro
839 1154 946 1190 καρα
973 1162 1025 1167 ——
1054 1154 1157 1192 καρη
1192 1152 1279 1180 esse
1305 1145 1455 1191 potest,
1493 1152 1594 1189 quae

211 1199 328 1249 stirps
357 1211 378 1238 c
405 1199 646 1238 nominativo
675 1197 779 1251 κάρη
811 1202 871 1245 (st.
901 1201 1045 1252 καρητ)
1077 1198 1246 1239 deducta
1281 1200 1519 1269 conspicitur
1553 1199 1594 1237 in

211 1271 363 1323 compp.
394 1274 520 1310 καρα-
524 1258 662 1308 τόμος,
692 1274 817 1308 καρα
799 1259 966 1306 δοκέω,
994 1259 1034 1297 in
1054 1259 1142 1299 fem.
1172 1259 1276 1314 κάρη
1307 1262 1412 1310 (gen.
1436 1259 1594 1311 κόρης).

209 1309 326 1370 Κρᾶ-
329 1332 427 1364 arog
456 1321 494 1357 et
521 1330 606 1356 cum
634 1318 805 1357 Mistelio
835 1318 931 1361 (KZ.
961 1319 1074 1368 XIX,
1104 1320 1169 1365 93)
1198 1331 1220 1358 e
1247 1317 1479 1370 *καρ-κ-ατ-
1483 1333 1528 1365 ος
1556 1322 1595 1358 et

211 1392 297 1420 cum
326 1380 561 1428 Brugmano
578 1378 780 1424 (‘Studien’
808 1379 876 1428 IV,
909 1381 1001 1431 152,
1044 1379 1110 1417 ubi
1152 1379 1202 1419 de
1236 1378 1429 1429 producta
1464 1378 1592 1417 vocali

209 1439 351 1490 agitur)
397 1450 419 1477 e
464 1436 771 1488 *napa—fav-og
811 1435 1179 1487 (*n2<›ao-fa‘c-og,
1226 1451 1262 1476 v.
1303 1438 1441 1487 infra),
1488 1437 1594 1477 unde

210 1498 417 1552 καρήατος
445 1502 517 1537 ctc.
546 1498 788 1549 prodierunt,
817 1497 960 1537 ducere
986 1497 1090 1538 licet.
1143 1498 1325 1548 Denique
1352 1497 1499 1549 κρᾱτὸς
1520 1502 1592 1537 etc.

210 1563 376 1599 accentu
402 1558 440 1596 in
471 1557 610 1597 ultima
636 1558 763 1608 posito
791 1557 844 1597 ad
872 1557 1032 1607 stirpem
1068 1561 1221 1609 *καρ-τ
1246 1558 1313 1606 (Ῥ),
1343 1562 1479 1598 contra
1506 1571 1593 1609 pro-

209 1620 327 1660 ducta
363 1618 491 1658 vocali
519 1641 568 1645 —
598 1618 644 1657 cf.
674 1619 792 1657 etiam
821 1621 1024 1657 accentum
1050 1617 1092 1656 in
1121 1617 1282 1669 κράτων
1310 1618 1436 1658 forma
1463 1641 1514 1646 —
1540 1618 1594 1658 ad

209 1678 389 1729 κράατος
417 1681 488 1717 cto.
518 1678 728 1728 pertinent.
749 1701 800 1706 —
819 1678 963 1718 Variae
989 1690 1090 1728 quae
1117 1678 1193 1718 huc
1220 1679 1419 1729 pertinent
1444 1678 1594 1718 formae

207 1739 260 1778 ad
287 1739 360 1778 has
387 1737 529 1789 stirpes
552 1737 736 1777 redeunt:
771 1741 802 1777 1.
833 1753 922 1789 καρ.
968 1740 1004 1776 2.
1032 1752 1218 1788 naq-avo,
1266 1740 1301 1777 3.
1330 1753 1509 1789 zap-fat
1536 1738 1593 1782 (in

207 1811 296 1850 gen.
318 1797 508 1851 κάρητος,
537 1811 639 1838 nom.
668 1797 770 1851 κάρη
791 1800 894 1845 cet).
937 1801 973 1837 4.
1001 1799 1091 1838 fem.
1121 1814 1225 1849 καρα
1255 1800 1315 1842 (cf.
1345 1811 1446 1848 quae
1473 1811 1594 1849 supra

208 1859 259 1899 de
284 1860 359 1898 hac
386 1864 433 1898 st.
462 1858 658 1902 diximus).
713 1862 748 1896 5.
786 1872 935 1908 καρ-ας
962 1877 1014 1888 =
1041 1871 1113 1897 scr.
1150 1851 1272 1908 pir-as
1307 1858 1362 1908 (in
1400 1859 1479 1897 dat.
1516 1864 1591 1897 ntr.

207 1918 333 1971 κάρᾳ,
379 1919 433 1969 pl.
481 1916 615 1969 κάρᾱ).
665 1920 700 1957 6.
742 1932 1007 1969 καρ-ασ-ῐατ.
1056 1920 1090 1956 7.
1131 1930 1224 1958 msc.
1267 1921 1365 1967 κρᾱτ
1411 1918 1542 1970 (stirps
1571 1931 1593 1959 c

208 1977 355 2030 κροῖτός
383 1979 469 2018 sim.
498 1978 677 2027 deducta,
705 1978 746 2017 in
774 1990 854 2017 acc.
883 1990 940 2027 sg.
969 1981 1111 2028 κρᾶτα,
1139 1991 1244 2018 nom.
1274 1977 1451 2029 κράς)“).

293 2124 334 2163 ⁵³)
355 2123 493 2156 Fickius
507 2133 539 2165 p.
557 2125 595 2155 36
617 2121 738 2164 κράνος
753 2124 786 2154 et
799 2120 940 2164 κρᾶνίον
956 2132 1030 2155 eum
1045 2123 1159 2163 κέρνος
1180 2123 1346 2164 patina,
1369 2132 1431 2155 scr.
1455 2122 1588 2156 lcaralca

206 2181 315 2205 urna
341 2175 402 2204 cet.
435 2172 635 2213 composuit,
670 2171 758 2213 quod
787 2181 885 2214 quam
914 2174 1043 2205 rectum
1065 2173 1109 2205 sit
1129 2183 1195 2205 non
1218 2172 1370 2204 diiudico.
1416 2172 1526 2204 Etiam
1548 2172 1589 2205 de

206 2221 320 2254 radice
342 2221 468 2261 dubito,
492 2232 566 2253 cum
583 2221 719 2254 Curtius
741 2231 773 2262 p.
796 2223 854 2253 138
878 2221 961 2253 bene
984 2221 1014 2253 ei
1036 2221 1224 2253 duritiae
1246 2221 1412 2253 notionem
1434 2221 1590 2254 tribuerit

206 2275 247 2311 (v.
271 2281 304 2303 n.
328 2272 377 2310 2),
404 2271 621 2312 probabiliter
642 2270 808 2313 Benfeyus
830 2270 873 2309 II,
899 2272 956 2302 287
980 2270 1062 2303 haec
1083 2271 1246 2303 vocabula
1268 2270 1310 2303 ad
1332 2270 1397 2303 kar
1419 2281 1588 2304 curvum

207 2330 302 2354 esse
332 2322 372 2358 (v.
395 2330 425 2351 n.
450 2323 481 2360 4)
502 2320 732 2353 revocaverit·
772 2319 885 2352 Minus
924 2322 1014 2353 recte
1051 2319 1234 2352 Corssenus
1266 2320 1292 2358 Ι,
1327 2322 1387 2351 342
1423 2320 1588 2353 iudicasse

206 2370 345 2403 videtur.

291 2419 331 2457 ⁴⁴)
355 2417 437 2450 Gen.
464 2416 567 2459 κάρης
598 2418 723 2451 Gallim.
748 2419 787 2451 fr.
814 2420 883 2451 125.
918 2418 1045 2451 Mosch.
1071 2422 1100 2457 4,
1125 2422 1173 2451 74.
1217 2418 1295 2450 Dat.
1320 2421 1384 2452 ntr.
1407 2418 1492 2462 κάρᾳ
1515 2428 1588 2451 sae-

205 2469 281 2511 pius
314 2468 403 2510 apud
434 2468 578 2508 tragicos
610 2468 746 2508 legitur,
778 2468 823 2509 pl.
855 2468 941 2509 κιῖρῖι
970 2467 1000 2498 h.
1029 2467 1063 2499 in
1087 2467 1158 2501 Cer.
1185 2470 1220 2499 12
1244 2468 1286 2500 al.
1309 2468 1343 2500 ll.
1387 2469 1481 2501 Nom.
1505 2467 1589 2510 κράς

1292 2522 1337 2553 3*
