1808 2965
864 328 912 364 35

199 431 362 481 dubitat,
392 443 484 470 num
503 430 603 468 forte
620 430 660 468 in
690 429 764 469 hoc
790 430 984 469 vocalis
1011 429 1229 480 anticipata
1247 430 1308 470 sit.
1352 429 1432 470 Sed
1454 434 1582 470 exstat

198 491 306 543 apud
332 490 573 541 Hesychium
610 487 757 539 κύρνος
790 488 916 528 forma
953 489 1014 534 (ef.
1042 489 1215 529 Lobeck.
1245 490 1390 530 Parall.
1419 503 1457 541 p.
1488 491 1580 529 339)

200 556 239 591 et
266 554 475 601 cognatum
503 553 563 588 est
591 551 790 599 κέρ-ασος
817 561 980 599 nomen,
1010 561 1046 588 v.
1076 549 1179 589 Curt.
1208 563 1246 600 p.
1279 552 1373 601 1413
1402 549 1582 590 Hehnius

198 622 292 651 vero
322 607 535 659 ‘Culturpr
563 622 600 647 u.
629 608 806 648 Hausth.’
842 623 880 660 p.
910 611 985 648 292
1025 609 1174 649 arboris
1215 622 1358 649 nomen
1399 611 1484 650 iure
1527 610 1581 649 ad

199 670 380 709 duritiam
407 668 506 719 ligni
534 668 599 715 (de
624 668 708 708 rad.
729 684 828 720 καρ-
854 682 973 721 supra
1000 669 1185 715 diximus)
1214 670 1395 710 retulisse
1421 670 1580 710 videtur

198 730 341 769 collato
387 729 597 768 vernaculo
644 728 882 779 ‘hartrieyel'
921 733 960 769 et
997 730 1197 780 Theophr.
1226 729 1264 768 h.
1293 730 1347 779 pl.
1378 732 1412 779 3,
1446 732 1504 781 12,
1539 734 1580 768 1:

197 787 243 826 τὸ
275 786 319 827 δὲ
350 786 467 836 ξύλον
485 792 560 841 τῆς
579 791 773 839 κρανείας
796 787 994 839 ἀκάρδιον
1015 789 1085 828 καὶ
1105 789 1273 839 στερεὸν
1294 786 1401 835 ὅλον,
1432 787 1578 838 ὅμοιον

198 850 340 899 κέρατι
377 860 409 888 e.
447 860 484 898 q.
519 860 576 898 sq.
632 848 762 896 Quare
800 861 887 888 cum
929 848 1100 888 dubitari
1138 853 1329 899 nequeat,
1371 849 1465 899 quin
1507 860 1581 889 eae

196 907 355 957 formae,
384 908 425 947 in
453 909 593 958 quibus
620 908 772 958 liquida
798 910 976 948 vocalem
1005 909 1190 958 sequitur,
1218 909 1459 959 antiquiores
1489 909 1580 954 sint,

197 978 355 1006 cornum
391 972 520 1007 autem
549 980 571 1007 e
599 968 767 1008 Graecia
792 969 833 1007 in
861 968 1018 1007 Italiam
1046 968 1347 1018 transmigrasse
1375 968 1580 1007 verisimil—

195 1026 331 1065 limum
360 1027 410 1065 sit
438 1029 490 1073 (v.
519 1028 715 1066 Hehnium
742 1029 768 1065 l.
797 1028 852 1076 1.),
884 1028 959 1066 hoc
985 1028 1065 1066 iam
1092 1027 1364 1076 antiquissimo
1392 1031 1579 1076 tempore,

197 1097 283 1124 cum
312 1085 452 1125 Graeci
479 1086 654 1125 nondum
692 1085 842 1138 κράνος
877 1085 1195 1137 pronuntiarent,
1240 1086 1304 1126 vel
1344 1097 1416 1136 per
1441 1085 1581 1134 Dores,

196 1145 262 1196 qui
290 1148 490 1195 *καρ-νος
517 1145 681 1185 formam
700 1146 865 1187 fortasse
885 1146 1030 1186 diutius
1048 1146 1302 1195 retinuerunt,
1331 1146 1476 1185 factum
1496 1158 1583 1185 esse

196 1205 429 1245 sumendum
458 1205 592 1251 erit⁴⁵).

305 1262 372 1304 12.
393 1264 544 1317 κράδη,
574 1262 762 1317 κραδάω,
801 1265 1008 1316 κραδαίνω
1038 1265 1192 1306 Curtius
1219 1280 1257 1317 p.
1290 1268 1362 1306 146
1391 1279 1478 1306 cum
1506 1278 1579 1306 scr.

195 1324 307 1371 kar-d,
336 1326 405 1363 lat.
435 1325 552 1362 cardo
581 1325 808 1375 composuit,
834 1326 995 1365 Fickius
1023 1337 1117 1365 vero
1146 1339 1183 1376 p.
1204 1329 1252 1365 37
1279 1326 1452 1365 radicem
1480 1325 1584 1363 lcard

196 1396 218 1424 e
256 1384 392 1433 (s)lcar
438 1384 556 1432 (unde
603 1387 772 1435 σκαίρω)
817 1384 1030 1425 accedente
1075 1385 1102 1423 d
1143 1386 1276 1426 littera
1320 1389 1445 1425 ortam
1491 1397 1580 1425 esse

196 1445 486 1484 animadvertit.
544 1445 731 1484 Servatus
759 1449 818 1484 est
844 1445 1061 1484 litterarum
1090 1446 1185 1484 ordo
1212 1447 1253 1484 in
1282 1444 1443 1495 καρδία,
1475 1444 1579 1493 quod

196 1505 333 1555 procul
360 1503 478 1542 dubio
507 1504 558 1542 ad
588 1504 755 1543 eandem
783 1504 955 1544 radicem
982 1504 1084 1545 redit
1113 1511 1164 1550 (v,
1194 1505 1299 1545 Curt.
1329 1518 1368 1555 p.
1401 1505 1509 1554 137),
1539 1508 1578 1543 et

196 1586 246 1592 —
275 1563 467 1614 siquidem
497 1563 651 1605 Curtius
678 1569 783 1605 recte
811 1565 861 1605 de
897 1578 1029 1605 eorum
1066 1566 1216 1616 origine
1251 1565 1437 1605 statuisse
1472 1564 1580 1603 vide-

195 1629 257 1662 tur
284 1645 335 1651 ——
362 1624 404 1662 in
431 1623 605 1675 κορδύλη
644 1623 878 1675 (κοροὸύλη)
916 1626 1060 1663 clava
1098 1629 1137 1663 et
1175 1625 1217 1663 in
1257 1623 1427 1672 κόρδαξ·
1467 1619 1580 1668 εἶδος

196 1680 408 1736 ὀρχήσεως
436 1682 608 1734 Hesych.

303 1745 363 1782 13.
393 1746 545 1794 κρηπίς
574 1748 783 1792 cognatum
811 1748 871 1783 est
898 1756 985 1782 cum
1013 1744 1081 1782 lat.
1119 1744 1402 1793 carp-isculum‚
1441 1744 1580 1783 lituan.

195 1801 331 1854 lcurpz»,
370 1803 518 1842 sloven.
556 1797 687 1851 brbvij,
728 1814 764 1840 v.
794 1802 904 1842 Fick.
933 1816 972 1853 p.
1002 1804 1089 1842 348.
1144 1801 1315 1852 Liquida
1359 1803 1581 1853 postposita

195 1863 412 1915 permansit
437 1862 478 1901 in
507 1864 745 1914 καρβατίνη,
769 1875 844 1913 quo
874 1862 924 1902 de
952 1862 997 1902 cf.
1019 1862 1237 1902 Walter-um
1262 1862 1345 1901 KZ.
1372 1863 1465 1912 XII,
1488 1864 1578 1912 379,

196 1923 299 1963 Curt.
329 1936 367 1973 p.
396 1924 483 1962 490.
540 1923 601 1961 De
627 1921 779 1971 radice,
809 1935 926 1972 quam
953 1923 1114 1962 Fickius
1142 1923 1168 1961 l.
1196 1922 1222 1962 1.
1250 1922 1369 1974 sicar-p
1406 1934 1579 1962 secare

195 1996 282 2024 esse
310 1983 416 2032 dicit,
444 1982 543 2021 nihil
570 1995 640 2033 pro
669 1986 773 2021 certo
801 1982 987 2021 affirmari
1014 1982 1170 2033 poterit.

304 2046 362 2081 14.
391 2041 593 2093 κραιπνός
621 2055 691 2092 pro
719 2040 1011 2092 *κραπ-ινο-ς,
1053 2043 1162 2082 cuius
1196 2042 1369 2081 radicem
1403 2041 1501 2091 lem-p
1536 2041 1577 2079 in

197 2101 456 2151 καρπάλιμος
482 2101 677 2151 integram
705 2105 900 2141 servatam
929 2113 1016 2141 esse
1042 2102 1120 2140 iam
1139 2114 1258 2152 supra
1276 2100 1445 2139 vidimus
1466 2103 1503 2146 (ξ
1524 2102 1575 2145 3).

196 2162 339 2202 Nescio
366 2174 419 2200 an
447 2161 609 2200 Fickius
636 2161 662 2199 l.
690 2162 716 2200 l.
745 2165 851 2200 recte
885 2162 954 2200 lat.
990 2166 1209 2211 carpentum
1245 2159 1384 2199 eodem
1420 2159 1575 2198 referat.

196 2222 287 2262 Non
314 2221 429 2260 aliter
456 2232 502 2260 ac
530 2220 580 2260 de
610 2219 811 2271 κραιπνός
838 2233 924 2260 cum
953 2218 1211 2271 καρπάλιμος
1232 2223 1457 2270 comparato
1477 2218 1576 2257 iudi-

281 2376 320 2414 45)
342 2370 504 2405 Ἀπόλλων
526 2375 689 2414 Καρνεῖος
710 2372 793 2405 nihil
815 2372 857 2404 ad
880 2381 1015 2405 cornum
1036 2371 1180 2412 pertinet
1194 2391 1233 2395 —-
1248 2375 1285 2403 ut
1307 2381 1327 2403 a
1348 2371 1517 2404 Pausania
1540 2375 1573 2403 et

196 2423 269 2455 aliis
290 2423 432 2456 traditur
462 2423 516 2460 (cf.
541 2422 710 2455 Benseleri
738 2423 838 2454 ‘Wtb.
863 2423 893 2455 d.
915 2432 963 2463 gr.
985 2421 1060 2454 En!
1083 2431 1114 2462 p.
1139 2423 1221 2459 626),
1246 2420 1305 2453 sed
1328 2430 1349 2453 a
1371 2420 1437 2461 κάρ
1459 2421 1573 2453 aries

198 2478 280 2512 (gen.
295 2472 429 2512 καρνός)
444 2481 621 2512 cognomen
635 2471 762 2503 habuit.
788 2471 836 2502 Cf.
850 2471 1064 2503 Welckerum
1077 2470 1238 2502 ‘GotterL’
1253 2471 1278 2509 Ι,
1295 2473 1367 2509 471,
1391 2470 1575 2502 Prellerum

196 2520 333 2563 Mythol.
356 2530 405 2561 gr.
431 2521 455 2560 I,
486 2522 551 2551 194.
