1808 2965
865 278 912 316 23

204 381 412 422 *Idu-tum
440 385 647 433 cognatum
675 393 763 421 cum
789 381 919 420 helvas
945 387 1018 422 cet.
1046 383 1098 422 ib.
1126 384 1210 432 191,
1239 382 1411 420 sclo-cu-s
1439 381 1581 430 (locus),

205 444 311 494 quod
336 443 498 483 Fickius
525 454 564 492 p.
593 443 668 479 212
696 453 781 480 cum
817 454 889 481 scr.
917 442 1094 480 sabula-m
1121 447 1194 482 cet.
1222 441 1502 494 composuit²⁴),
1531 441 1583 480 al.

310 502 506 550 Quantum
527 505 666 541 autem
693 501 972 553 Indogermani
997 503 1049 543 ab
1071 503 1182 542 initio
1201 503 1241 541 in
1261 502 1335 542 hoc
1353 501 1584 541 metathesis

202 575 328 613 genus
354 562 650 612 inclinaverint,
688 574 738 602 ex
765 574 811 602 eo
839 562 1087 614 perspicuum
1115 567 1192 613 est,
1226 562 1331 613 quod
1357 563 1399 602 in
1425 562 1584 613 quibus·

205 621 296 662 dam
316 623 509 672 exemplis
527 623 747 673 complures
772 623 932 674 linguae
959 626 1152 674 cognatae
1177 623 1233 662 ita
1261 623 1512 672 conveniunt,
1541 626 1584 661 ut

203 681 434 722 metathesis
459 681 512 722 ad
538 682 637 722 illud
672 680 843 734 tempus,
884 696 960 734 quo
988 695 1060 724 eae
1087 683 1261 723 nondum
1288 684 1489 724 seiunctae
1518 695 1583 723 ex·

205 742 375 792 stabant,
411 742 608 793 pertinere
642 742 833 783 videatur.
888 743 953 784 Sic
980 748 1072 784 ante
1100 744 1477 795 Indogermanorum
1505 743 1582 783 dis-

203 813 355 842 cessum
394 803 623 843 metathesis
663 803 767 843 facta
806 803 962 844 videtur
1001 804 1040 842 in
1069 803 1223 854 fratris
1248 805 1409 843 nomine
1444 816 1468 842 a
1496 803 1581 842 rad.

205 861 302 900 blmr
340 862 358 901 f
365 874 470 903 erre
499 863 614 903 ducto
651 867 704 908 (v.
733 863 858 915 Bopp.
897 863 997 914 ‘VgL
1034 863 1218 903 Gramm!
1248 864 1330 902 111³
1360 865 1446 903 189.
1476 862 1581 902 Ourt.

206 917 294 962 2⁴84.
322 923 434 962 Fick.
466 926 539 962 142
567 924 647 973 aL),
677 923 724 963 ef.
754 936 827 964 ser.
856 923 1028 970 blemitar,
1056 924 1115 963 zd.
1144 924 1289 968 bratar,
1318 937 1374 974 gr.
1405 921 1580 975 φράτηρ,

203 983 260 1022 lit.
289 982 511 1027 broten-alis,
541 984 688 1023 sloven.
724 983 880 1026 bratmz,
922 986 1001 1033 got.
1029 982 1201 1033 brothar,
1237 984 1390 1024 hibern.
1419 983 1580 1020 brathir.

133 1077 136 1080 .
203 1043 251 1082 In
296 1047 405 1083 tanto
442 1044 555 1083 enim
599 1043 771 1082 omnium
815 1043 1040 1093 linguarum
1090 1048 1342 1094 cognatarum
1390 1055 1584 1083 consensu

202 1103 380 1153 singulas
420 1103 624 1143 seiunctim
664 1103 828 1142 formam
856 1102 1131 1153 primigeniam
1166 1103 1343 1140 hilar-tar·
1378 1102 1585 1142 metathesi

203 1162 431 1203 immutasse
456 1175 572 1203 nemo
607 1163 751 1204 credet.
806 1162 886 1203 Sed
920 1167 962 1202 ut
995 1163 1094 1212 alia,
1137 1175 1238 1214 quae
1277 1166 1368 1203 sunt
1408 1161 1584 1203 eiusdem

205 1224 373 1273 generis,
403 1224 614 1274 mittamus,
644 1224 839 1275 quaedam
868 1224 1052 1274 exempla
1073 1224 1233 1264 Graecis
1253 1228 1292 1263 et
1309 1223 1463 1263 Latinis
1482 1236 1584 1262 com-

203 1283 337 1322 munia
377 1283 530 1323 adferre
571 1284 691 1324 lubet.
746 1284 811 1324 Sic
845 1285 914 1323 lat.
951 1297 1086 1322 creare
1120 1296 1190 1334 pro
1218 1282 1433 1331 *cre-J'a-re
1461 1287 1500 1323 et
1526 1295 1583 1333 gr.

204 1346 446 1394 κρα-ια-ίνω
474 1344 527 1383 ad
554 1345 715 1395 stirpem
743 1344 904 1392 *leraJa-
933 1357 958 1383 a
975 1343 1059 1383 rad.
1088 1346 1161 1381 lcar
1184 1343 1400 1383 derivatam
1419 1343 1586 1383 redeunt

204 1407 243 1443 et
271 1404 340 1443 lat.
368 1411 543 1455 rep-ente
568 1417 625 1455 gr.
647 1405 759 1457 ῥέπω
789 1417 811 1444 e
836 1405 1023 1454 graecoit.
1051 1402 1200 1454 *verpa
1219 1425 1270 1430 —
1290 1406 1436 1454 *vr-epo
1456 1422 1508 1433 =
1526 1403 1584 1441 lit.

203 1462 344 1514 virp-z'u
372 1463 488 1503 ducta
515 1469 605 1503 sunt
632 1467 683 1511 (v.
713 1464 818 1504 Curt.
842 1467 926 1504 147.
955 1465 1058 1510 327).
1104 1461 1273 1510 Λάκος,
1301 1463 1419 1509 λακίς
1443 1461 1584 1515 (ῥάκος

203 1523 303 1562 aeol.
331 1521 502 1573 βράκος)
531 1528 570 1562 et
597 1524 663 1563 lat.
693 1525 798 1562 lacer
833 1528 917 1574 (pro
952 1523 1160 1569 *macer-²⁵)
1199 1522 1457 1573 probabiliter
1497 1534 1584 1561 eum

203 1594 274 1623 scr.
303 1579 424 1634 vragzlc'
453 1582 505 1622 ad
539 1583 670 1634 indog.
699 1582 827 1622 *var-lc
852 1587 1087 1623 revocantur
1115 1581 1234 1631 (Gurt.
1263 1595 1300 1633 p.
1333 1586 1441 1632 152),
1484 1594 1586 1633 quae

203 1642 318 1682 radix
357 1655 483 1694 paene
523 1644 671 1684 intacta
709 1644 866 1684 videtur
901 1644 1034 1684 inesse
1072 1644 1113 1682 in
1156 1656 1228 1684 scr.
1272 1643 1402 1692 vrlca-„e
1441 1644 1585 1695 lupus

206 1703 263 1750 (L.
293 1703 429 1754 Meyer
457 1704 557 1755 ‘Vg1.
588 1704 771 1755 Gramm!
799 1705 830 1754 I,
851 1706 954 1752 361).
1010 1703 1106 1744 Cum
1134 1716 1226 1744 vero
1255 1703 1403 1750 vrlca-s,
1445 1704 1584 1743 lituan.

205 1762 327 1801 vilkas
367 1768 440 1804 cet.
482 1768 533 1809 (v.
562 1764 788 1804 Schleicher
821 1764 964 1804 ‘Beitr.’
991 1765 1022 1814 I,
1053 1767 1091 1811 6)
1133 1764 1185 1803 ad
1224 1764 1356 1814 indog.
1397 1762 1585 1801 *cardea-s

203 1823 386 1873 redeant,
426 1825 494 1862 vix
529 1824 689 1863 dubium
717 1835 804 1863 esse
831 1828 980 1874 potest,
1017 1824 1110 1873 quin
1137 1824 1230 1862 inde
1257 1822 1378 1869 λύκος
1406 1828 1445 1862 et
1474 1824 1584 1871 lupus

205 1882 344 1924 eodem
372 1884 489 1924 modo
518 1897 593 1935 quo
620 1883 777 1932 λάκ-ος,
807 1884 926 1922 lac-er
954 1896 976 1924 e
1003 1883 1086 1923 rad.
1110 1883 1206 1921 var-lc
1225 1887 1311 1923 orta
1329 1884 1418 1923 sint.
1465 1884 1585 1923 Nota-

205 1944 296 1984 bilis
324 1949 384 1984 est
410 1945 597 1985 transitus
625 1958 648 1983 α
674 1945 822 1985 vocalis
848 1945 890 1983 in
918 1958 1039 1994 u—v,
1077 1945 1141 1994 qui
1176 1944 1284 1983 haud
1317 1944 1435 1984 dubie
1462 1945 1585 1995 prius-

206 2016 321 2054 quam
350 2006 366 2043 l
397 2009 718 2057 transponeretur
752 2005 878 2045 factus
912 2009 971 2045 est
1005 2004 1191 2054 cuiusque
1226 2005 1410 2055 exempla
1443 2016 1584 2054 graeca

205 2077 485 2115 cognoscemus
520 2066 561 2105 in
590 2071 610 2113 ξ
642 2070 675 2105 7.
730 2066 814 2106 Hoc
859 2066 944 2105 loco
991 2065 1240 2105 conferantur
1283 2064 1430 2104 formae
1473 2063 1583 2115 slcalp

207 2125 290 2169 (lat.
319 2126 463 2177 scalpo)
491 2149 543 2154 —
569 2125 679 2177 skulp
716 2127 798 2172 (lat.
834 2126 1002 2177 sculpo);
1044 2138 1065 2165 e
1106 2125 1243 2175 quibus
1285 2124 1318 2164 si
1357 2122 1502 2176 γλάφω
1545 2128 1585 2164 et

206 2184 347 2236 γλύφω
376 2185 493 2225 ducta
520 2191 610 2226 sunt
638 2186 774 2228 (Dietr.
802 2187 829 2225 l.
857 2187 883 2225 1.
912 2199 948 2236 p.
986 2189 1039 2224 15.
1085 2184 1252 2225 Corssen
1280 2183 1464 2222 ‘Nachtn’
1497 2186 1584 2230 178)

291 2340 329 2379 24)
353 2339 534 2373 Corssenus
558 2341 731 2382 ‘Beitrage'
745 2351 777 2382 p.
791 2344 861 2380 463,
886 2339 1104 2380 ‘Ausspr.’I²,
1129 2341 1188 2370 810
1211 2338 1337 2370 frustra
1348 2337 1478 2370 videtur
1492 2337 1582 2370 oblo-

208 2393 303 2422 cutus
320 2398 402 2422 esse.
434 2389 519 2421 Nam
542 2390 629 2430 quod
650 2390 678 2423 is
701 2400 728 2422 e.
751 2400 780 2430 g.
804 2390 891 2430 dicit,
914 2389 1058 2421 radicem
1080 2392 1133 2420 sta
1155 2388 1236 2420 alias
1259 2397 1390 2429 semper
1401 2392 1432 2420 st
1444 2396 1585 2427 servare,

206 2438 328 2471 nullius
351 2438 507 2471 momenti
529 2442 588 2477 est,
613 2449 687 2471 cum
709 2439 789 2471 alias
811 2449 878 2471 non
899 2438 944 2471 stl
962 2437 1137 2470 metathesi
1160 2437 1366 2470 conveniant.

291 2489 330 2525 ²⁵)
353 2488 403 2520 De
427 2489 484 2520 lat.
510 2488 522 2519 l
541 2498 602 2528 pro
625 2488 687 2520 *vl
706 2488 885 2520 substituto
908 2498 935 2519 v.
960 2487 1158 2520 Corssenum
1180 2486 1205 2526 I,
1230 2490 1300 2519 312.
1326 2489 1396 2519 810.
