1808 2965
871 275 919 341 39

210 409 311 448 haec
337 405 475 446 Fickio
503 418 540 455 p.
572 407 647 443 364
675 405 914 445 conferenda
942 418 1029 446 esse
1056 418 1141 445 cum
1171 406 1239 444 lat.
1269 409 1426 456 torpere
1454 404 1588 444 lituan.

213 468 347 520 ἤην-τί
369 464 501 506 theod.
532 464 624 502 derb
650 471 722 505 cet.
777 465 1065 516 Aspirationem
1093 481 1126 504 π
1153 466 1309 505 litterae
1335 465 1444 516 prius
1473 477 1590 514 quam

201 525 457 568 *metathesim
493 523 636 564 factam
676 536 762 565 esse
801 525 989 575 probatur
1027 525 1160 565 formis
1198 525 1378 576 cognatis
1416 523 1590 578 ταρφύς,

211 586 372 639 τάρφος
401 583 530 635 (παρὰ
557 584 603 623 τὸ
632 587 867 637 τρέφεσθαι
893 585 991 634 EM„
1021 586 1067 625 cf.
1097 586 1193 625 Lob.
1222 599 1259 636 p.
1289 586 1392 632 497).

256 698 258 700 Ι
317 648 378 685 23.
406 643 554 695 τράμις
573 644 634 691 (τὸ
654 648 786 697 τρῆμα
806 648 879 696 τῆς
899 643 1033 694 ἕδρας,
1062 642 1083 684 ὁ
1113 643 1249 697 ὄρρος,
1278 645 1387 691 τινὲς
1411 644 1589 695 ἔντερον,

212 706 253 745 οἱ
289 705 334 744 δὲ
379 703 509 753 ἰσχίον
545 704 729 755 Hesych.)
768 703 930 744 Fickius
970 718 1008 756 p.
1039 708 1114 745 364
1153 709 1258 745 recte
1303 717 1389 744 cum
1435 706 1587 756 anglos.

212 766 371 812 theam,
399 764 531 805 theod.
560 765 713 812 darum,
743 765 851 803 darm
879 765 1043 805 contulit
1068 778 1114 806 ac
1141 765 1399 816 probabiliter
1426 765 1478 804 ad
1505 765 1589 805 rad.

212 832 276 863 tar
301 825 511 864 revocavit.

316 887 377 923 24.
408 883 639 935 ἔ-τραγ-ον,
681 883 845 935 τρώγ-ιυ
880 889 951 924 cet.
988 885 1067 923 iam
1096 885 1291 936 Benfeyus
1320 886 1359 924 II
1388 888 1463 924 262
1504 898 1591 924 cum

211 943 355 995 τρύχω,
382 947 510 995 τρίβω
532 949 604 984 cet.
625 945 853 995 composuit.
908 943 1008 983 Rad.
1037 959 1138 994 τραγ
1165 945 1358 994 rodere,
1387 945 1592 984 mandu-

212 1016 322 1044 care
364 1016 385 1044 e
428 1010 490 1042 tm·
534 1009 697 1044 terere
742 1008 780 1043 et
820 1017 844 1054 y
886 1004 1103 1054 composita
1138 1004 1303 1044 videtur.
1358 1005 1444 1044 Huc
1472 1007 1591 1045 etiam

211 1068 410 1114 τρῶκται,
452 1062 562 1113 τρώξ
601 1063 664 1109 (cf.
693 1059 809 1112 θρέψ
841 1063 893 1101 ad
921 1064 1085 1113 τρίβω),
1128 1075 1227 1112 quae
1256 1063 1410 1103 Curtius
1445 1078 1483 1115 p.
1513 1068 1588 1103 427

212 1127 508 1171 commemorat,
561 1123 772 1173 pertinent.
850 1120 1018 1173 Τρώγλη
1075 1122 1119 1160 L.
1165 1123 1300 1173 Meyer
1347 1122 1450 1162 ‘Got.
1498 1125 1587 1174 spr.⁷

212 1196 249 1233 p.
280 1185 355 1221 244
384 1194 470 1221 cum
498 1186 576 1232 got.
605 1181 757 1220 thairlco
785 1181 1007 1221 foramen
1035 1182 1288 1232 comparavit.

318 1244 379 1281 25.
408 1240 558 1293 τρασιά
599 1241 777 1281 usitatior
816 1241 971 1281 videtur
1011 1240 1136 1280 forma
1181 1241 1301 1282 fuisse
1345 1255 1415 1293 pro
1444 1246 1594 1295 ταρσία

215 1307 266 1351 (v.
287 1303 485 1353 Aristoph.
515 1303 606 1341 nub.
637 1306 697 1351 51,
727 1302 839 1341 Phot.
869 1315 906 1352 p.
943 1303 1029 1346 508.
1062 1303 1136 1351 13),
1165 1306 1271 1342 certe
1297 1303 1492 1342 recentior
1519 1307 1591 1353 est,

213 1362 259 1402 of.
279 1361 443 1412 ταρσός,
462 1365 674 1412 τέρσομαι,
695 1374 766 1401 scr.
788 1361 905 1404 tarslz,
926 1366 1005 1411 got.
1019 1360 1220 1412 thaursjan
1233 1366 1306 1402 eet.
1335 1362 1439 1402 Curt.
1454 1366 1592 1413 p.211.

319 1424 380 1461 26.
409 1424 513 1470 τρέω
558 1433 579 1461 e
615 1420 821 1471 *τρεσ-ω,
863 1419 1049 1471 *τερα-ω
1091 1441 1137 1452 =
1175 1422 1242 1460 lat.
1280 1427 1410 1460 terreo
1445 1427 1517 1462 eet.
1555 1436 1592 1461 v.

213 1494 331 1532 supra
359 1482 382 1528 ξ
411 1483 446 1519 3.
501 1480 618 1531 Apud
657 1481 898 1531 Hesychium
940 1480 1082 1530 legitur
1123 1479 1284 1531 ἔτερσε·
1327 1480 1513 1534 ἐφόβησε
1541 1504 1594 1510 —

213 1541 379 1593 pristina
405 1540 549 1580 radicis
576 1540 701 1579 forma
727 1540 767 1578 vi
795 1539 1000 1579 transitiva
1028 1542 1279 1591 usurpata⁴⁸).
1301 1563 1349 1568 —
1382 1542 1592 1582 Probabile

213 1606 272 1641 est
290 1601 421 1650 aliquo
439 1604 615 1651 tempore
634 1600 674 1638 in
692 1612 771 1638 una
788 1600 933 1639 radicis
959 1600 1085 1639 forma
1112 1601 1343 1640 convenisse
1370 1602 1594 1641 terrendi

212 1664 252 1700 et
292 1659 517 1699 torrendi
559 1659 881 1710 significationes,
925 1671 1022 1709 quas
1058 1660 1190 1698 Latini
1229 1671 1302 1699 nec
1342 1660 1470 1700 minus
1505 1661 1596 1700 Indi

214 1724 310 1765 (tras
332 1742 376 1747 -—
399 1719 520 1765 lar-sk)
557 1723 596 1760 et
623 1719 754 1759 Bactri
783 1724 901 1766 (tare-c
929 1742 978 1747 —-
1006 1719 1112 1757 tarslz
1141 1719 1181 1758 in
1209 1719 1367 1758 tarshno
1400 1721 1529 1767 sitis)
1558 1726 1597 1761 et

213 1781 406 1831 posterius
432 1780 509 1831 ipsi
537 1780 677 1819 Graeci
706 1779 979 1819 distinxerunt.

318 1842 378 1879 27.
407 1838 589 1891 τετράων
618 1839 937 1889 (gallinarum
974 1839 1183 1890 species)
1211 1839 1373 1879 Fickius
1400 1852 1437 1890 p.
1469 1842 1517 1879 76
1546 1851 1596 1880 ex

211 1900 345 1951 indog.
372 1898 557 1937 *tatarva
586 1899 698 1938 duxit
725 1900 879 1939 collatis
906 1912 1008 1950 pers.
1038 1899 1222 1943 tadsrew,
1251 1900 1389 1939 lituan.
1418 1905 1593 1943 ceter-vas,

212 1961 363 1999 boruss.
384 1963 565 2002 tator-wis,
590 1960 739 1999 sloven.
761 1961 911 1997 τεινΐῑυῆ
931 1959 992 2006 (cf.
1010 1959 1111 1999 Curt.
1129 1973 1167 2010 p.
1184 1962 1287 2007 211).
1326 1959 1497 2007 Quorum
1518 1972 1595 1999 om-

211 2021 318 2059 nium
337 2020 501 2059 formam
520 2020 778 2071 principalem
794 2023 975 2057 *tatarva
994 2019 1112 2059 fuisse
1132 2032 1178 2059 eo
1198 2019 1380 2068 firmatur,
1402 2020 1507 2069 quod
1521 2032 1592 2059 scr.

215 2081 368 2128 tittiras,
398 2091 454 2129 gr.
470 2081 653 2129 τέταρος,
682 2080 819 2118 lituan.
840 2085 1010 2129 tylam-s
1036 2079 1198 2118 formam
1218 2078 1420 2116 *ta-tar-zz
1447 2079 1596 2118 subiec-

215 2144 294 2179 tam
322 2140 484 2179 habent.
514 2139 638 2180 (Fick.
667 2151 705 2190 p.
737 2141 813 2185 75.)
869 2138 925 2178 Cf.
955 2139 1072 2178 etiam
1101 2139 1297 2178 Hehnium
1326 2138 1349 2177 l.
1380 2139 1405 2176 1.
1435 2151 1472 2189 p.
1506 2140 1594 2178 264.

320 2201 381 2238 28.
411 2196 633 2249 ἀστραλὸς·
664 2196 685 2237 ὃ
716 2198 853 2249 ψαρὸς
881 2196 963 2237 ὑπὸ
986 2199 1202 2238 Θετταλῶν
1221 2198 1390 2249 Hesych.
1439 2197 1495 2237 Cf.
1525 2199 1594 2237 lat.

213 2261 386 2302 stamus,
429 2258 562 2298 theod.
591 2265 698 2296 stara
726 2263 799 2299 oet.
829 2258 932 2298 Ourt.
962 2272 998 2309 p.
1029 2261 1115 2298 331.
1162 2258 1321 2298 Fickius
1349 2270 1386 2308 p.
1417 2261 1492 2296 410
1521 2258 1543 2296 λ
1571 2270 1596 2297 a

214 2319 419 2358 Thessalis
464 2319 621 2369 saepius
665 2331 735 2369 pro
783 2334 802 2357 ν
847 2318 1014 2368 positum
1061 2330 1146 2358 esse
1192 2318 1252 2364 (cs.
1294 2316 1479 2365 Ἐλιπεύς
1525 2332 1595 2369 pro

301 2462 340 2500 ⁴⁹)
361 2456 433 2492 Hoc
447 2459 531 2492 enim
544 2458 676 2491 Curtius
690 2468 722 2500 p.
737 2461 791 2490 211
808 2460 898 2490 recte
909 2458 1046 2493 monuit,
1064 2467 1181 2498 parum
1195 2459 1309 2492 dextre
1321 2459 1367 2491 M.
1382 2459 1597 2492 Schmidtium

213 2509 363 2553 ἐφόβησε
386 2510 420 2542 in
443 2506 594 2551 ἐφοβήθη
619 2512 774 2541 mutasse.
