1808 2965
844 270 892 307 29

175 390 245 419 sua
272 382 312 418 et
339 377 552 418 corssenus
574 375 604 424 Ι,
627 377 703 414 246
722 373 902 423 afferunt,
932 374 1023 424 quia
1050 374 1091 414 in
1119 375 1175 415 eis
1203 374 1353 414 vocalis
1382 373 1557 424 liquidae

174 437 398 490 praecedat,
426 449 513 476 cum
541 435 582 475 in
609 433 743 474 formis
771 433 948 484 cognatis
973 455 1026 461 —
1053 435 1204 485 graecis
1231 434 1477 486 potissimum
1506 457 1558 462 —

173 498 325 549 liquida
376 495 603 548 praeposita
647 495 716 535 sit:
769 507 849 534 non
893 495 1140 534 metathesim
1186 507 1306 545 passa
1350 499 1441 535 sunt
1487 494 1559 534 sed

173 559 352 598 vocalem
371 556 421 595 ab
439 555 589 606 origine
603 554 868 606 praepositam
883 555 1115 605 habuerunt,
1136 556 1243 595 velut
1262 561 1403 600 terreo,
1415 568 1554 607 porro,

161 618 313 668 sarcio,
339 619 490 667 scirpus
508 616 574 665 al.,
604 616 653 655 de
681 616 820 665 quibus
846 615 948 654 infra
976 620 1124 665 agetur.
1180 617 1240 655 De
1268 628 1408 653 cor-nus
1426 636 1479 647 =
1495 628 1553 666 gr.

174 674 333 730 uqdvog,
360 688 478 726 qerro
506 696 557 707 =
583 674 759 727 γράσων,
781 688 947 727 porrum
974 695 1026 706 =
1044 674 1206 727 πράσον
1234 676 1365 716 nescio
1393 688 1445 716 an
1474 689 1554 716 non

172 748 331 788 prorsus
358 740 463 776 recte
491 735 595 776 idem
624 740 795 776 statuere
822 735 978 785 videar,
1022 736 1206 786 quoniam
1234 736 1332 776 haec
1359 737 1554 776 vocabula

171 796 337 836 fortasse
364 809 389 836 a
416 795 577 836 Graecis
605 795 658 835 ad
684 796 847 836 Latinos
874 797 1067 836 translata
1094 797 1190 847 sint3
1227 796 1298 836 sed
1334 802 1551 847 exspectes,

174 869 332 907 quaeso,
361 868 462 905 quae
490 857 530 895 in
558 856 737 906 proxima
764 857 787 904 ξ
816 856 956 896 dicturi
985 857 1117 897 simus.

274 915 396 955 Vides
423 915 475 955 ad
502 919 607 955 recte
637 915 686 955 de
714 916 923 956 metathesi
950 928 1093 966 graeca
1125 916 1379 956 iudicandum
1418 918 1554 966 quanti

170 976 359 1016 momenti
392 975 443 1015 sit
478 987 565 1014 cum
592 975 633 1014 in
661 976 800 1015 ceteris
827 975 972 1026 linguis
1000 976 1178 1025 cognatis
1205 980 1286 1015 tum
1313 976 1485 1016 maxime
1512 978 1553 1016 in

170 1036 296 1075 latina
322 1035 459 1085 lingua
485 1035 713 1075 metathesis
740 1035 931 1075 rationem
952 1035 1194 1086 cognovisse.
1241 1036 1302 1075 De
1322 1036 1396 1075 hac
1422 1041 1552 1076 autem

170 1096 345 1136 nondum
373 1098 478 1134 recte
505 1094 760 1134 indicabatur.
817 1095 920 1134 Nam
948 1095 1053 1144 quod
1081 1094 1296 1135 Corssenus
1322 1096 1349 1134 l.
1370 1096 1394 1134 l.
1418 1109 1456 1146 p.
1477 1098 1552 1135 245

171 1155 265 1195 dicit
287 1155 449 1194 Latinos
468 1154 713 1205 potissimum
740 1154 793 1193 ad
820 1155 979 1195 vocales
1007 1156 1309 1206 praeponendas
1336 1169 1553 1207 propensos

171 1227 276 1264 esse,
319 1215 566 1265 praepositas
601 1219 732 1254 autem
768 1228 848 1254 non
885 1227 1087 1255 removere
1114 1237 1164 1242 -—
1192 1228 1271 1254 non
1309 1228 1443 1255 verum
1479 1221 1550 1267 est,

171 1275 355 1326 quoniam
383 1275 457 1315 hoc
484 1274 642 1325 saepius
669 1274 753 1315 fieri
789 1274 852 1326 (cf.
890 1287 990 1324 quae
1025 1288 1142 1327 supra
1177 1276 1412 1325 attulimus),
1452 1277 1552 1316 illud

168 1349 248 1376 non
275 1336 331 1374 ita
358 1335 483 1374 multa
510 1335 694 1385 exempla
722 1336 869 1375 habere
897 1335 1078 1375 vidimus.

272 1396 334 1434 Ex
362 1395 418 1435 eis
447 1406 560 1443 vero,
606 1407 705 1444 quae
741 1396 932 1435 hactenus
973 1395 1024 1435 de
1064 1395 1301 1445 liquidarum
1343 1397 1551 1436 metathesi

168 1455 473 1505 disputavimus,
514 1454 589 1493 hoc
615 1455 693 1494 iam
725 1454 937 1495 verisimile
973 1454 1032 1504 fit,
1075 1455 1107 1494 si
1148 1455 1342 1494 vocabula
1382 1461 1551 1506 cognata

166 1515 384 1555 litterarum
413 1514 551 1554 ordine
579 1513 781 1564 differunt,
822 1514 1053 1565 plerumque
1080 1515 1130 1554 ab
1158 1515 1270 1554 initio
1300 1516 1478 1555 vocalem
1506 1517 1551 1555 li-

167 1575 311 1625 quidae
347 1574 614 1625 praepositam
648 1574 781 1614 fuisse.
836 1574 965 1623 Atque
1001 1574 1140 1613 eodem
1168 1575 1278 1614 aliud
1307 1575 1402 1624 quid
1428 1577 1548 1624 valet,

166 1634 271 1684 quod
298 1634 351 1673 ad
379 1633 523 1672 formas
541 1632 748 1683 primarias
767 1633 961 1672 eruendas
980 1634 1144 1673 multum
1164 1634 1324 1673 confert.
1371 1635 1551 1674 Multas

166 1695 293 1734 enim
335 1706 500 1733 earum
541 1692 786 1743 radicum,
833 1705 956 1742 quae
995 1694 1311 1733 metathesim
1352 1695 1552 1745 patiun-

165 1758 261 1804 tur,
313 1753 587 1793 accedente
631 1753 808 1792 littera
854 1753 1246 1793 determinativa
1292 1776 1341 1781 —
1390 1759 1431 1794 ut
1478 1755 1551 1794 hoc

166 1815 325 1855 nomine
352 1818 441 1853 utar
468 1836 517 1841 -
546 1826 568 1853 e
595 1813 853 1853 radicibus
890 1814 1145 1864 primariis
1185 1827 1427 1863 consona,
1470 1827 1551 1853 vo-

164 1874 284 1924 cali,
326 1873 522 1923 liquida
564 1873 917 1913 constantibus
956 1873 1208 1924 prodii-sse
1250 1878 1469 1925 constat3
1511 1875 1551 1914 in

164 1934 305 1983 quibus
333 1934 410 1972 nisi
437 1933 536 1972 forte
563 1933 624 1972 bis
651 1933 878 1972 metathesis
906 1933 1010 1972 facta
1038 1934 1157 1982 est³⁶J,
1199 1933 1249 1973 de
1276 1934 1425 1973 vocalis
1453 1935 1551 1973 anti-

164 1993 361 2043 cipatione
389 1992 551 2042 cogitari
579 1992 725 2042 nequit.

269 2052 317 2091 In
351 2052 552 2091 nonnullis
589 2051 746 2101 quidem
775 2051 857 2090 eius
884 2051 1041 2101 generis
1069 2051 1265 2091 radicibus
1293 2052 1443 2101 liquida
1470 2052 1548 2091 iam

163 2111 435 2162 antiquissimo
463 2115 640 2162 tempore
675 2111 803 2149 locum
839 2115 932 2150 ante
966 2111 1144 2149 vocalem
1180 2111 1403 2161 occupavit3
1440 2112 1549 2151 velut

163 2171 248 2211 rad.
277 2170 407 2209 lara-m
435 2170 507 2221 (gr.
536 2174 756 2222 κρέμαμαι,
784 2174 862 2221 got.
892 2170 1082 2221 hmmjmz,
1114 2170 1216 2209 Curt.
1246 2184 1284 2221 p.
1309 2173 1395 2215 148)
1426 2182 1448 2210 e
1476 2170 1549 2208 lcar

164 2231 226 2279 (cf.
254 2231 392 2271 lituan.
421 2230 550 2269 kar-2⁰1>
578 2232 773 2277 haereo)
811 2234 896 2269 orta
931 2234 1008 2279 est3
1046 2230 1129 2269 rad.
1159 2237 1273 2268 tra-m
1303 2234 1371 2281 (gr.
1396 2234 1546 2281 τρέμω,

162 2291 231 2331 lat.
262 2297 393 2334 tremo,
423 2292 562 2330 lituan.
593 2290 724 2341 trimz‘c)
752 2303 773 2330 e
801 2291 884 2329 rad.
915 2296 977 2326 tar
1004 2291 1044 2328 in
1074 2303 1146 2330 ser.
1176 2291 1352 2327 tm·-ala-s
1378 2295 1549 2330 tremu-

248 2430 287 2467 36)
311 2429 363 2461 Sic
385 2426 567 2470 βάρδιστος
589 2439 607 2461 e
629 2428 810 2470 βράδισιος
832 2428 959 2460 videtur
982 2430 1088 2459 ortum
1107 2436 1188 2465 esse,
1213 2437 1286 2460 cum
1302 2427 1429 2468 βραδύς
1440 2428 1548 2469 ipsum

163 2477 346 2519 anticipata
368 2477 492 2518 liquida
515 2487 532 2509 e
555 2475 711 2520 *μαρδύς
732 2476 918 2519 prodiisset.
944 2476 992 2508 cf.
1016 2476 1100 2508 infra
1126 2479 1143 2517 ξ
1170 2479 1197 2508 S.
