1808 2965
656 277 706 313 47

0 374 156 425 positam
176 375 392 415 statuimus.
438 375 518 415 Sed
544 376 651 427 apud
678 377 785 428 ipsos
803 376 974 417 Graecos
1000 376 1157 429 βραδύς
1185 389 1207 417 e
1233 374 1370 428 *μαρ-

0 432 60 480 ῖύς
88 434 281 485 prodiisse
307 435 520 474 verisimile
546 435 587 474 fit
613 436 746 476 formis
773 437 949 486 cognatis
971 435 1262 486 ἀ-μαλό-ύνειν
1282 437 1370 475 sim.

0 491 48 533 cf.
75 493 179 533 infra
205 506 244 533 n.
275 495 338 541 71)
379 498 418 534 ct
458 494 535 544 eis,
576 506 676 545 quae
710 496 752 536 in
790 497 878 545 §8.
921 496 971 537 de
1009 494 1255 548 βάρδιστος,
1297 496 1368 535 lat.

0 553 135 593 bardus
162 557 234 594 cet.
263 553 515 605 proferemus.
972 604 978 610 ¹

90 616 152 652 49.
180 612 350 664 βράξαι·
379 614 606 665 συλλαβεῖν,
625 620 817 667 βρακεῖν·
843 619 1037 662 συνιέναι,
1058 614 1367 667 ὃυσβράκανον·

0 672 195 726 δυσχερές,
224 671 470 726 δύσληπτον,
498 674 827 729 δυσκατανόητον
851 675 1021 727 Hesych.
1049 687 1137 715 cum
1165 687 1238 715 scr.
1262 687 1369 726 mar-9

0 745 211 783 angere,
253 734 570 784 prehendere
611 736 667 783 (in
700 736 870 786 mre-ati,
897 747 1157 786 marc-tma-nz
1184 736 1272 780 cet)
1314 734 1368 773 ad

1 793 119 844 ndog.
148 792 233 833 rad.
262 792 402 831 *mark
436 794 581 845 redire,
617 807 718 845 quae
752 795 793 834 in
821 799 978 847 *μρακ,
1006 797 1113 845 βρακ
1142 797 1293 834 mutata
1319 794 1371 834 sit

0 853 149 893 Fickius
176 853 258 893 KZ.
286 854 376 903 XX,
409 857 478 892 171
500 866 558 903 sq.
586 854 879 894 demonstravit.
925 854 998 905 (Of.
1028 855 1111 895 eius
1138 856 1216 895 leX.
1240 866 1367 904 comp.

0 927 23 953 ).
55 915 127 952 149
156 917 194 953 ct
220 913 404 952 Rothium
431 913 513 952 KZ.
543 913 655 963 XIX,
686 917 790 961 223.)

91 973 184 1013 49b.
213 974 246 1013 E
286 972 371 1012 rad.
411 987 517 1024 μαρκ
559 974 780 1014 labialismo
819 968 937 1024 μαρττ
973 974 1030 1021 (in
1063 973 1240 1026 μάρπτω
1278 978 1367 1019 cet.)

0 1034 150 1084 ›rodiit,
192 1032 296 1084 quod
336 1032 544 1072 metathesi
577 1037 879 1073 transmutatum
910 1032 1170 1083 conspicimus
1197 1034 1239 1072 in
1266 1045 1369 1073 com-

0 1095 165 1145 pluribus
205 1093 393 1143 Hesychii
431 1093 593 1143 glossis:
638 1090 823 1144 βράψαι·
865 1092 1101 1143 συλλαβεῖν,
1143 1091 1366 1140 ἀναλῶσαι,

0 1152 147 1205 ιρύψαι
175 1153 235 1200 (cf.
263 1150 450 1203 μάρψαι·
480 1152 723 1203 συλλαβεῖν),
755 1151 978 1205 βράπτειν·
1007 1152 1215 1201 κρύπτειν,
1245 1151 1369 1203 ἔβρα-

0 1221 90 1264 per·
127 1212 330 1264 ἔκρυψεν,
368 1210 592 1263 ἕβραπτεν·
631 1211 844 1264 ἔκρυπτεν.
899 1211 1091 1252 Videntur
1118 1212 1195 1252 hae
1221 1212 1370 1252 formae

3 1273 106 1313 atius
124 1273 310 1323 patuisse.
339 1271 436 1311 Cum
457 1271 749 1323 ὄυσβράκανος,
770 1275 952 1324 βρακεῖν,
972 1272 1072 1312 sicut
1090 1273 1158 1311 lat.
1179 1284 1368 1323 capere,

0 1332 122 1372 :heod.
166 1331 372 1371 ‘fassen'
417 1331 459 1370 in
503 1332 743 1383 percipiendi
788 1333 948 1371 notione
992 1331 1163 1380 dicatur,
1208 1331 1370 1370 Fickius

0 1392 106 1431 stiam
133 1394 294 1443 μέροψ,
335 1391 504 1430 hominis
531 1392 780 1438 attributum,
821 1392 897 1430 huc
923 1392 1074 1439 retulit,
1117 1391 1183 1429 ubi
1220 1390 1372 1429 vocalis

1 1456 136 1492 nserta
162 1455 265 1491 esset
291 1454 334 1489 ut
360 1450 401 1489 in
431 1453 591 1501 στέροψ
618 1452 702 1491 sim.
731 1451 779 1491 cf.
810 1463 929 1502 supra
955 1464 994 1489 n.
1023 1452 1085 1489 21.

95 1514 157 1550 50.
184 1509 333 1562 βρόχος
369 1511 578 1560 laqueus
605 1511 779 1562 Buggius
806 1511 888 1550 KZ.
918 1511 1009 1560 XX,
1039 1512 1088 1550 25
1117 1522 1205 1549 cum
1232 1510 1369 1549 lituan.

0 1570 152 1615 ›ers-iic,
182 1565 337 1616 vera-ti,
367 1569 498 1611 theod.
520 1574 673 1622 wilryen
703 1574 794 1620 (vet.
814 1570 1005 1623 wurkjan)
1034 1570 1087 1610 ad
1105 1570 1189 1610 rad.
1217 1568 1370 1620 *varqh

0 1632 200 1672 revocavit.
254 1632 302 1670 In
331 1635 410 1681 got.
438 1643 594 1681 vruyqo,
624 1631 729 1681 quod
755 1632 861 1671 idem
889 1643 976 1671 esse
1002 1635 1121 1681 atque
1144 1642 1200 1680 gr.
1219 1629 1371 1681 βρόχος

0 1692 34 1730 L.
62 1692 198 1743 Meyer
227 1691 328 1731 ‘Got
349 1691 447 1741 ·spr.'
476 1703 514 1741 p.
535 1693 607 1729 251
638 1691 750 1741 vidit,
781 1688 987 1731 seiunctim
1014 1690 1244 1729 metathesis
1270 1689 1376 1728 facta

0 1755 61 1791 ist.
84 1774 133 1780 —
153 1751 229 1790 Vix
257 1756 316 1791 est
339 1750 443 1800 quod
462 1763 643 1791 moneam
663 1751 869 1790 transitum
888 1749 1140 1799 digammatis
1158 1750 1200 1788 in
1218 1752 1257 1798 β,
1286 1762 1374 1788 cum

0 1811 197 1850 netathesi
224 1811 329 1849 facta
356 1810 508 1859 liquida
533 1814 771 1859 sequeretur,
799 1810 986 1849 facillime
1005 1808 1160 1848 admitti
1179 1809 1375 1859 potuisse;

0 1882 106 1921 luem
134 1870 304 1910 eundem
330 1869 372 1908 in
400 1869 494 1909 dial.
535 1870 636 1909 aeol.
678 1874 770 1910 ante
809 1884 831 1920 ρ
873 1868 955 1909 fere
994 1869 1212 1919 legitimum
1254 1868 1377 1909 fuisse

0 1930 133 1969 3cimus
162 1932 213 1975 (v,
234 1930 328 1968 Ahr.
348 1942 386 1980 p.
404 1930 480 1974 34).
537 1929 689 1968 Eadem
717 1929 825 1978 origo
852 1932 880 1978 β
905 1929 1061 1969 litterae
1089 1933 1149 1968 est
1175 1929 1217 1967 in
1244 1929 1375 1978 proxi-

0 1990 76 2039 mis,
106 2000 207 2039 quae
234 1989 368 2037 affero,
398 1989 591 2039 exemplis
610 1993 649 2029 et
667 2011 717 2017 —
736 1989 758 2027 λ
777 1992 967 2039 sequente
986 2012 1037 2017 —
1054 1989 1096 2028 in
1114 2002 1154 2028 n.
1184 1990 1233 2026 72
1254 1992 1293 2028 et
1313 1990 1375 2028 73.

97 2053 159 2089 51.
186 2048 358 2100 βράσσω
400 2048 569 2088 ferveo
608 2053 715 2089 recte·
753 2048 861 2088 haud
900 2049 1019 2088 dubie
1047 2049 1203 2089 Curtius
1230 2061 1269 2098 p.
1299 2046 1375 2087 536

0 2122 78 2150 zum
113 2110 251 2148 lituan.
289 2108 416 2155 vir-ti,
457 2109 587 2146 vir-tis
626 2113 822 2158 vortex,
864 2108 1014 2148 sloven.
1042 2108 1198 2151 var-ili,
1243 2108 1375 2153 vr-etz'‚

0 2171 209 2218 Fervere,
262 2168 394 2208 theod.
441 2170 585 2207 wal-an
638 2168 855 2219 composuit
900 2172 939 2208 et
982 2181 1053 2206 var
1096 2167 1269 2207 radicem
1315 2167 1377 2207 his

0 2230 207 2270 §abiectam
243 2228 351 2279 apud
379 2228 551 2268 Graecos
577 2243 601 2266 τ
627 2228 841 2268 accedente
868 2233 1024 2267 auctam
1051 2239 1097 2266 ac
1126 2226 1270 2267 deinde
1297 2238 1376 2266 me-

0 2288 135 2329 tathesi
163 2288 345 2328 affectam
373 2288 520 2327 statuit.
575 2289 636 2328 De
662 2287 824 2340 βρύ-ειν
850 2287 898 2327 cf.
926 2287 1029 2326 infra
1056 2292 1078 2333 ξ
1109 2290 1130 2325 7
1160 2299 1197 2325 n.
1229 2289 1316 2326 100.

98 2351 159 2388 52.
187 2351 338 2398 βρέτας
365 2349 462 2387 item
489 2360 719 2398 persuasum
747 2348 876 2387 habeo
904 2360 928 2385 a
956 2341 1087 2386 Cui-tio
1114 2347 1140 2385 l.
1163 2348 1190 2385 l.
1219 2351 1324 2386 recte
1352 2359 1377 2385 a

0 2408 78 2449 rad.
113 2420 183 2446 var
217 2407 381 2446 vereri
421 2407 481 2455 (cf.
510 2407 689 2446 Fickium
722 2409 809 2452 181)
846 2406 1004 2445 ductum
1041 2417 1127 2445 esse
1155 2410 1195 2445 et
1219 2405 1378 2455 proprie

0 2467 213 2519 significare
264 2479 347 2507 rem
398 2467 678 2506 venerandam.
761 2466 825 2505 Ad
870 2464 1039 2505 eandem
1082 2465 1255 2505 radicem
1298 2464 1379 2503 iam
