<?xml version="1.0" encoding="UTF-8"?>
<!DOCTYPE html PUBLIC "-//W3C//DTD XHTML 1.0 Transitional//EN"
    "http://www.w3.org/TR/xhtml1/DTD/xhtml1-transitional.dtd">
<html xmlns="http://www.w3.org/1999/xhtml" xml:lang="en" lang="en">
 <head>
  <title>
</title>
<meta http-equiv="Content-Type" content="text/html;charset=utf-8" />
  <meta name='ocr-system' content='tesseract 3.04.00' />
  <meta name='ocr-capabilities' content='ocr_page ocr_carea ocr_par ocr_line ocrx_word'/>
</head>
<body>
  <div class='ocr_page' id='page_1' title='image "4737245_0021.png"; bbox 0 0 1808 2965; ppageno 0'>
   <div class='ocr_carea' id='block_1_1' title="bbox 0 0 170 98">
    <p class='ocr_par' dir='ltr' id='par_1_1' title="bbox 0 0 170 98">
     <span class='ocr_line' id='line_1_1' title="bbox 0 0 170 98; baseline 0 2867"><span class='ocrx_word' id='word_1_1' title='bbox 0 0 170 98; x_wconf 95' lang='lat' dir='ltr'><strong> </strong></span> 
     </span>
    </p>
   </div>
   <div class='ocr_carea' id='block_1_2' title="bbox 877 271 922 307">
    <p class='ocr_par' dir='ltr' id='par_1_2' title="bbox 877 271 922 307">
     <span class='ocr_line' id='line_1_2' title="bbox 877 271 922 307; baseline 0 0"><span class='ocrx_word' id='word_1_2' title='bbox 877 271 922 307; x_wconf 88' lang='lat'><strong>15</strong></span> 
     </span>
    </p>
   </div>
   <div class='ocr_carea' id='block_1_3' title="bbox 200 372 1588 2033">
    <p class='ocr_par' dir='ltr' id='par_1_3' title="bbox 201 372 1586 471">
     <span class='ocr_line' id='line_1_3' title="bbox 202 372 1586 424; baseline 0.001 -15"><span class='ocrx_word' id='word_1_3' title='bbox 202 382 355 422; x_wconf 88' lang='lat' dir='ltr'><strong>quoque</strong></span> <span class='ocrx_word' id='word_1_4' title='bbox 381 372 591 422; x_wconf 85' lang='lat' dir='ltr'><strong>generibus</strong></span> <span class='ocrx_word' id='word_1_5' title='bbox 617 372 864 413; x_wconf 83' lang='lat' dir='ltr'><strong>metathesim</strong></span> <span class='ocrx_word' id='word_1_6' title='bbox 899 372 1106 424; x_wconf 88' lang='lat' dir='ltr'>paullatim</span> <span class='ocrx_word' id='word_1_7' title='bbox 1141 372 1402 413; x_wconf 86' lang='lat' dir='ltr'><strong>increbruisse</strong></span> <span class='ocrx_word' id='word_1_8' title='bbox 1439 376 1477 412; x_wconf 91' lang='lat' dir='ltr'><strong>et</strong></span> <span class='ocrx_word' id='word_1_9' title='bbox 1513 385 1586 412; x_wconf 88' lang='lat' dir='ltr'><strong>usu</strong></span> 
     </span>
     <span class='ocr_line' id='line_1_4' title="bbox 201 429 877 471; baseline 0.003 -2"><span class='ocrx_word' id='word_1_10' title='bbox 201 429 392 470; x_wconf 85' lang='lat' dir='ltr'><strong>firmatam</strong></span> <span class='ocrx_word' id='word_1_11' title='bbox 420 443 508 471; x_wconf 90' lang='lat' dir='ltr'><strong>esse</strong></span> <span class='ocrx_word' id='word_1_12' title='bbox 535 431 767 471; x_wconf 84' lang='lat' dir='ltr'><strong>sumendum</strong></span> <span class='ocrx_word' id='word_1_13' title='bbox 796 433 877 471; x_wconf 89' lang='lat' dir='ltr'><strong>erit.</strong></span> 
     </span>
    </p>

    <p class='ocr_par' dir='ltr' id='par_1_4' title="bbox 201 490 1585 956">
     <span class='ocr_line' id='line_1_5' title="bbox 305 490 1585 541; baseline 0.001 -12"><span class='ocrx_word' id='word_1_14' title='bbox 305 490 462 531; x_wconf 85' lang='lat' dir='ltr'>Deinde</span> <span class='ocrx_word' id='word_1_15' title='bbox 500 503 711 536; x_wconf 86' lang='lat' dir='ltr'><strong>nonrara</strong></span> <span class='ocrx_word' id='word_1_16' title='bbox 750 495 840 530; x_wconf 91' lang='lat' dir='ltr'><strong>sunt</strong></span> <span class='ocrx_word' id='word_1_17' title='bbox 879 491 1062 541; x_wconf 87' lang='lat' dir='ltr'><strong>exempla</strong></span> <span class='ocrx_word' id='word_1_18' title='bbox 1102 491 1432 541; x_wconf 80' lang='lat' dir='ltr'><strong>aspirationis</strong></span> <span class='ocrx_word' id='word_1_19' title='bbox 1470 502 1492 530; x_wconf 90' lang='lat' dir='ltr'><strong>e</strong></span> <span class='ocrx_word' id='word_1_20' title='bbox 1524 502 1585 530; x_wconf 82' lang='lat' dir='ltr'><strong>se-</strong></span> 
     </span>
     <span class='ocr_line' id='line_1_6' title="bbox 202 550 1584 601; baseline 0 -13"><span class='ocrx_word' id='word_1_21' title='bbox 202 553 345 598; x_wconf 90' lang='lat' dir='ltr'><strong>quente</strong></span> <span class='ocrx_word' id='word_1_22' title='bbox 372 550 529 599; x_wconf 89' lang='lat' dir='ltr'><strong>syllaba</strong></span> <span class='ocrx_word' id='word_1_23' title='bbox 547 550 600 589; x_wconf 91' lang='lat' dir='ltr'><strong>ad</strong></span> <span class='ocrx_word' id='word_1_24' title='bbox 618 551 921 601; x_wconf 80' lang='lat' dir='ltr'><strong>praecedentem</strong></span> <span class='ocrx_word' id='word_1_25' title='bbox 940 551 1215 599; x_wconf 83' lang='lat' dir='ltr'><strong>translatae¹⁵)‚</strong></span> <span class='ocrx_word' id='word_1_26' title='bbox 1245 550 1409 590; x_wconf 86' lang='lat' dir='ltr'><strong>velutin</strong></span> <span class='ocrx_word' id='word_1_27' title='bbox 1430 553 1584 600; x_wconf 76' lang='grc' dir='ltr'><em>θρέψω</em></span> 
     </span>
     <span class='ocr_line' id='line_1_7' title="bbox 201 607 1580 661; baseline 0.001 -14"><span class='ocrx_word' id='word_1_28' title='bbox 201 620 272 659; x_wconf 88' lang='lat' dir='ltr'><strong>pro</strong></span> <span class='ocrx_word' id='word_1_29' title='bbox 311 607 549 661; x_wconf 81' lang='grc' dir='ltr'><em>*τρεφ-σω,</em></span> <span class='ocrx_word' id='word_1_30' title='bbox 591 609 765 650; x_wconf 76' lang='grc' dir='ltr'>θάσσων</span> <span class='ocrx_word' id='word_1_31' title='bbox 800 623 871 661; x_wconf 90' lang='lat' dir='ltr'><strong>pro</strong></span> <span class='ocrx_word' id='word_1_32' title='bbox 907 609 1123 661; x_wconf 67' lang='lat' dir='ltr'><strong>*vax-jw&#39;v,</strong></span> <span class='ocrx_word' id='word_1_33' title='bbox 1166 609 1391 660; x_wconf 74' lang='grc' dir='ltr'><em>θοιμάτιον</em></span> <span class='ocrx_word' id='word_1_34' title='bbox 1433 623 1504 661; x_wconf 87' lang='lat' dir='ltr'><strong>pro</strong></span> <span class='ocrx_word' id='word_1_35' title='bbox 1532 609 1580 649; x_wconf 86' lang='grc' dir='ltr'><strong>τὸ</strong></span> 
     </span>
     <span class='ocr_line' id='line_1_8' title="bbox 203 667 1583 723; baseline 0.001 -17"><span class='ocrx_word' id='word_1_36' title='bbox 203 667 386 717; x_wconf 82' lang='grc' dir='ltr'><strong><em>ἱμάτιον;</em></strong></span> <span class='ocrx_word' id='word_1_37' title='bbox 416 681 515 718; x_wconf 90' lang='lat' dir='ltr'><strong>quae</strong></span> <span class='ocrx_word' id='word_1_38' title='bbox 542 671 753 723; x_wconf 74' lang='lat' dir='ltr'><strong>translatio⁴</strong></span> <span class='ocrx_word' id='word_1_39' title='bbox 775 683 892 720; x_wconf 88' lang='lat' dir='ltr'><strong>quam</strong></span> <span class='ocrx_word' id='word_1_40' title='bbox 919 670 1036 708; x_wconf 86' lang='lat' dir='ltr'><strong>facile</strong></span> <span class='ocrx_word' id='word_1_41' title='bbox 1063 668 1145 708; x_wconf 88' lang='lat' dir='ltr'><strong>fieri</strong></span> <span class='ocrx_word' id='word_1_42' title='bbox 1172 670 1351 719; x_wconf 85' lang='lat' dir='ltr'><strong>potuerit,</strong></span> <span class='ocrx_word' id='word_1_43' title='bbox 1384 670 1583 709; x_wconf 89' lang='lat' dir='ltr'><strong>neminem</strong></span> 
     </span>
     <span class='ocr_line' id='line_1_9' title="bbox 201 726 1584 780; baseline 0.003 -15"><span class='ocrx_word' id='word_1_44' title='bbox 201 726 344 776; x_wconf 85' lang='lat' dir='ltr'><strong>fugiet,</strong></span> <span class='ocrx_word' id='word_1_45' title='bbox 386 728 451 777; x_wconf 91' lang='lat' dir='ltr'><strong>qui</strong></span> <span class='ocrx_word' id='word_1_46' title='bbox 492 728 541 768; x_wconf 89' lang='lat' dir='ltr'><strong>de</strong></span> <span class='ocrx_word' id='word_1_47' title='bbox 581 730 900 779; x_wconf 87' lang='lat' dir='ltr'><strong>pronuntiatione</strong></span> <span class='ocrx_word' id='word_1_48' title='bbox 939 729 1200 780; x_wconf 88' lang='lat' dir='ltr'><strong>aspiratarum</strong></span> <span class='ocrx_word' id='word_1_49' title='bbox 1230 741 1317 768; x_wconf 88' lang='lat' dir='ltr'><strong>cum</strong></span> <span class='ocrx_word' id='word_1_50' title='bbox 1345 728 1477 768; x_wconf 82' lang='lat' dir='ltr'><strong>Curtio</strong></span> <span class='ocrx_word' id='word_1_51' title='bbox 1505 730 1584 775; x_wconf 88' lang='lat' dir='ltr'><strong>(Et.</strong></span> 
     </span>
     <span class='ocr_line' id='line_1_10' title="bbox 201 787 1584 839; baseline 0.003 -15"><span class='ocrx_word' id='word_1_52' title='bbox 201 798 240 836; x_wconf 91' lang='lat' dir='ltr'><strong>p.</strong></span> <span class='ocrx_word' id='word_1_53' title='bbox 260 787 350 833; x_wconf 88' lang='lat'>388)</span> <span class='ocrx_word' id='word_1_54' title='bbox 379 788 583 828; x_wconf 76' lang='lat' dir='ltr'><strong>consentit.</strong></span> <span class='ocrx_word' id='word_1_55' title='bbox 637 790 716 828; x_wconf 90' lang='lat' dir='ltr'><strong>Alii</strong></span> <span class='ocrx_word' id='word_1_56' title='bbox 744 789 902 839; x_wconf 90' lang='lat' dir='ltr'><strong>quidem</strong></span> <span class='ocrx_word' id='word_1_57' title='bbox 930 789 1122 837; x_wconf 86' lang='lat' dir='ltr'><strong>dubitant,</strong></span> <span class='ocrx_word' id='word_1_58' title='bbox 1156 801 1247 827; x_wconf 89' lang='lat' dir='ltr'><strong>num</strong></span> <span class='ocrx_word' id='word_1_59' title='bbox 1277 789 1435 828; x_wconf 92' lang='lat' dir='ltr'><strong>omnino</strong></span> <span class='ocrx_word' id='word_1_60' title='bbox 1463 792 1584 828; x_wconf 83' lang='lat' dir='ltr'><strong>meta-</strong></span> 
     </span>
     <span class='ocr_line' id='line_1_11' title="bbox 201 845 1582 899; baseline 0.001 -15"><span class='ocrx_word' id='word_1_61' title='bbox 201 845 324 885; x_wconf 78' lang='lat' dir='ltr'><strong>thesis</strong></span> <span class='ocrx_word' id='word_1_62' title='bbox 368 848 619 898; x_wconf 86' lang='lat' dir='ltr'><strong>aspirationis</strong></span> <span class='ocrx_word' id='word_1_63' title='bbox 663 848 796 899; x_wconf 82' lang='lat' dir='ltr'><strong>fuerit3</strong></span> <span class='ocrx_word' id='word_1_64' title='bbox 843 860 919 898; x_wconf 89' lang='lat' dir='ltr'><strong>qua</strong></span> <span class='ocrx_word' id='word_1_65' title='bbox 961 848 1010 888; x_wconf 91' lang='lat' dir='ltr'><strong>de</strong></span> <span class='ocrx_word' id='word_1_66' title='bbox 1051 859 1093 887; x_wconf 89' lang='lat' dir='ltr'><strong>re</strong></span> <span class='ocrx_word' id='word_1_67' title='bbox 1134 860 1214 887; x_wconf 90' lang='lat' dir='ltr'><strong>non</strong></span> <span class='ocrx_word' id='word_1_68' title='bbox 1255 852 1314 888; x_wconf 90' lang='lat' dir='ltr'><strong>est</strong></span> <span class='ocrx_word' id='word_1_69' title='bbox 1354 848 1470 888; x_wconf 88' lang='lat' dir='ltr'><strong>huius</strong></span> <span class='ocrx_word' id='word_1_70' title='bbox 1505 847 1582 887; x_wconf 90' lang='lat' dir='ltr'><strong>loci</strong></span> 
     </span>
     <span class='ocr_line' id='line_1_12' title="bbox 203 904 417 956; baseline 0.009 -12"><span class='ocrx_word' id='word_1_71' title='bbox 203 904 417 956; x_wconf 88' lang='lat' dir='ltr'><strong>disputare.</strong></span> 
     </span>
    </p>

    <p class='ocr_par' dir='ltr' id='par_1_5' title="bbox 200 967 1587 1496">
     <span class='ocr_line' id='line_1_13' title="bbox 306 967 1583 1017; baseline 0.001 -12"><span class='ocrx_word' id='word_1_72' title='bbox 306 967 436 1005; x_wconf 88' lang='lat' dir='ltr'><strong>Etiam</strong></span> <span class='ocrx_word' id='word_1_73' title='bbox 462 967 511 1006; x_wconf 92' lang='lat' dir='ltr'><strong>de</strong></span> <span class='ocrx_word' id='word_1_74' title='bbox 539 968 912 1007; x_wconf 78' lang='lat' dir='ltr'><strong>semivocalium</strong></span> <span class='ocrx_word' id='word_1_75' title='bbox 934 967 952 1017; x_wconf 86' lang='lat' dir='ltr'><strong>j</strong></span> <span class='ocrx_word' id='word_1_76' title='bbox 983 971 1028 1006; x_wconf 88' lang='lat' dir='ltr'><strong>et</strong></span> <span class='ocrx_word' id='word_1_77' title='bbox 1055 982 1080 1005; x_wconf 71' lang='lat' dir='ltr'><strong>J·-</strong></span> <span class='ocrx_word' id='word_1_78' title='bbox 1106 967 1315 1006; x_wconf 87' lang='lat' dir='ltr'><strong>metathesi</strong></span> <span class='ocrx_word' id='word_1_79' title='bbox 1335 967 1391 1011; x_wconf 89' lang='lat' dir='ltr'><strong>(in</strong></span> <span class='ocrx_word' id='word_1_80' title='bbox 1410 967 1583 1016; x_wconf 84' lang='grc' dir='ltr'><em>μέλαινα</em></span> 
     </span>
     <span class='ocr_line' id='line_1_14' title="bbox 201 1023 1583 1078; baseline 0.001 -14"><span class='ocrx_word' id='word_1_81' title='bbox 201 1037 271 1075; x_wconf 84' lang='lat' dir='ltr'><strong>pro</strong></span> <span class='ocrx_word' id='word_1_82' title='bbox 306 1023 552 1077; x_wconf 57' lang='lat' dir='ltr'><strong>*uestem-ja,</strong></span> <span class='ocrx_word' id='word_1_83' title='bbox 589 1031 733 1078; x_wconf 80' lang='grc' dir='ltr'><em>νεῦρον</em></span> <span class='ocrx_word' id='word_1_84' title='bbox 768 1040 838 1078; x_wconf 89' lang='lat' dir='ltr'><strong>pro</strong></span> <span class='ocrx_word' id='word_1_85' title='bbox 874 1026 1072 1077; x_wconf 59' lang='grc' dir='ltr'><em>*νερῈο-τι</em></span> <span class='ocrx_word' id='word_1_86' title='bbox 1108 1027 1155 1065; x_wconf 82' lang='lat' dir='ltr'><strong>ef.</strong></span> <span class='ocrx_word' id='word_1_87' title='bbox 1191 1027 1258 1065; x_wconf 85' lang='lat' dir='ltr'><strong>lat.</strong></span> <span class='ocrx_word' id='word_1_88' title='bbox 1295 1039 1452 1070; x_wconf 79' lang='lat' dir='ltr'><strong>nervus,</strong></span> <span class='ocrx_word' id='word_1_89' title='bbox 1483 1028 1583 1072; x_wconf 89' lang='lat' dir='ltr'><strong>sim.)</strong></span> 
     </span>
     <span class='ocr_line' id='line_1_15' title="bbox 202 1084 1586 1137; baseline 0.001 -14"><span class='ocrx_word' id='word_1_90' title='bbox 202 1084 421 1135; x_wconf 89' lang='lat' dir='ltr'><strong>dubitatur,</strong></span> <span class='ocrx_word' id='word_1_91' title='bbox 457 1098 543 1125; x_wconf 90' lang='lat' dir='ltr'><strong>cum</strong></span> <span class='ocrx_word' id='word_1_92' title='bbox 579 1087 757 1137; x_wconf 88' lang='lat' dir='ltr'><strong>plerique</strong></span> <span class='ocrx_word' id='word_1_93' title='bbox 791 1087 895 1126; x_wconf 89' lang='lat' dir='ltr'><strong>hanc</strong></span> <span class='ocrx_word' id='word_1_94' title='bbox 922 1086 975 1125; x_wconf 89' lang='lat' dir='ltr'><strong>ad</strong></span> <span class='ocrx_word' id='word_1_95' title='bbox 1002 1086 1247 1135; x_wconf 89' lang='lat' dir='ltr'><strong>epenthesim</strong></span> <span class='ocrx_word' id='word_1_96' title='bbox 1275 1086 1359 1125; x_wconf 89' lang='lat' dir='ltr'><strong>sive</strong></span> <span class='ocrx_word' id='word_1_97' title='bbox 1394 1086 1586 1125; x_wconf 88' lang='lat' dir='ltr'><strong>assimila-</strong></span> 
     </span>
     <span class='ocr_line' id='line_1_16' title="bbox 202 1144 1585 1197; baseline 0 -13"><span class='ocrx_word' id='word_1_98' title='bbox 202 1144 369 1193; x_wconf 84' lang='lat' dir='ltr'><strong>tionem,</strong></span> <span class='ocrx_word' id='word_1_99' title='bbox 411 1158 511 1196; x_wconf 90' lang='lat' dir='ltr'><strong>quae</strong></span> <span class='ocrx_word' id='word_1_100' title='bbox 545 1146 586 1185; x_wconf 93' lang='lat' dir='ltr'><strong>in</strong></span> <span class='ocrx_word' id='word_1_101' title='bbox 623 1146 703 1186; x_wconf 84' lang='grc' dir='ltr'><em>εἰνί</em></span> <span class='ocrx_word' id='word_1_102' title='bbox 737 1158 807 1197; x_wconf 89' lang='lat' dir='ltr'><strong>pro</strong></span> <span class='ocrx_word' id='word_1_103' title='bbox 844 1145 923 1193; x_wconf 78' lang='grc' dir='ltr'><strong><em>ἐνί,</em></strong></span> <span class='ocrx_word' id='word_1_104' title='bbox 962 1144 1117 1192; x_wconf 77' lang='grc' dir='ltr'><em>πουλύς</em></span> <span class='ocrx_word' id='word_1_105' title='bbox 1146 1159 1216 1196; x_wconf 87' lang='lat' dir='ltr'><strong>pro</strong></span> <span class='ocrx_word' id='word_1_106' title='bbox 1244 1144 1374 1192; x_wconf 78' lang='grc' dir='ltr'><strong><em>πολύς</em></strong></span> <span class='ocrx_word' id='word_1_107' title='bbox 1402 1146 1585 1192; x_wconf 87' lang='lat' dir='ltr'><strong>cernitur,</strong></span> 
     </span>
     <span class='ocr_line' id='line_1_17' title="bbox 201 1205 1585 1256; baseline 0 -12"><span class='ocrx_word' id='word_1_108' title='bbox 201 1210 398 1245; x_wconf 86' lang='lat' dir='ltr'><strong>revocent.</strong></span> <span class='ocrx_word' id='word_1_109' title='bbox 453 1206 581 1255; x_wconf 88' lang='lat' dir='ltr'><strong>Atque</strong></span> <span class='ocrx_word' id='word_1_110' title='bbox 609 1206 707 1246; x_wconf 89' lang='lat' dir='ltr'><strong>haec</strong></span> <span class='ocrx_word' id='word_1_111' title='bbox 735 1217 889 1256; x_wconf 91' lang='lat' dir='ltr'><strong>quoque</strong></span> <span class='ocrx_word' id='word_1_112' title='bbox 922 1206 1189 1245; x_wconf 87' lang='lat' dir='ltr'><strong>controversia</strong></span> <span class='ocrx_word' id='word_1_113' title='bbox 1216 1205 1268 1244; x_wconf 91' lang='lat' dir='ltr'><strong>ad</strong></span> <span class='ocrx_word' id='word_1_114' title='bbox 1303 1205 1423 1244; x_wconf 88' lang='lat' dir='ltr'><strong>alium</strong></span> <span class='ocrx_word' id='word_1_115' title='bbox 1458 1205 1585 1244; x_wconf 87' lang='lat' dir='ltr'><strong>locum</strong></span> 
     </span>
     <span class='ocr_line' id='line_1_18' title="bbox 200 1265 1586 1315; baseline 0 -11"><span class='ocrx_word' id='word_1_116' title='bbox 200 1265 383 1315; x_wconf 86' lang='lat' dir='ltr'><strong>pertinet.</strong></span> <span class='ocrx_word' id='word_1_117' title='bbox 436 1265 533 1305; x_wconf 90' lang='lat' dir='ltr'><strong>Utut</strong></span> <span class='ocrx_word' id='word_1_118' title='bbox 552 1268 689 1306; x_wconf 82' lang='lat' dir='ltr'><strong>&#39;autem</strong></span> <span class='ocrx_word' id='word_1_119' title='bbox 716 1265 926 1315; x_wconf 87' lang='lat' dir='ltr'><strong>iudicabis,</strong></span> <span class='ocrx_word' id='word_1_120' title='bbox 969 1266 1043 1305; x_wconf 89' lang='lat' dir='ltr'><strong>hoc</strong></span> <span class='ocrx_word' id='word_1_121' title='bbox 1078 1268 1226 1304; x_wconf 88' lang='lat' dir='ltr'><strong>certum</strong></span> <span class='ocrx_word' id='word_1_122' title='bbox 1261 1270 1341 1314; x_wconf 87' lang='lat' dir='ltr'><strong>est,</strong></span> <span class='ocrx_word' id='word_1_123' title='bbox 1384 1265 1503 1305; x_wconf 90' lang='lat' dir='ltr'><strong>etiam</strong></span> <span class='ocrx_word' id='word_1_124' title='bbox 1544 1265 1586 1304; x_wconf 90' lang='lat' dir='ltr'><strong>in</strong></span> 
     </span>
     <span class='ocr_line' id='line_1_19' title="bbox 200 1324 1585 1376; baseline 0 -13"><span class='ocrx_word' id='word_1_125' title='bbox 200 1325 272 1363; x_wconf 89' lang='lat' dir='ltr'><strong>illa</strong></span> <span class='ocrx_word' id='word_1_126' title='bbox 306 1325 390 1364; x_wconf 87' lang='lat' dir='ltr'><strong>sive</strong></span> <span class='ocrx_word' id='word_1_127' title='bbox 425 1326 632 1366; x_wconf 89' lang='lat' dir='ltr'><strong>metathesi</strong></span> <span class='ocrx_word' id='word_1_128' title='bbox 666 1326 751 1366; x_wconf 89' lang='lat' dir='ltr'><strong>sive</strong></span> <span class='ocrx_word' id='word_1_129' title='bbox 785 1326 992 1376; x_wconf 90' lang='lat' dir='ltr'><strong>epenthesi</strong></span> <span class='ocrx_word' id='word_1_130' title='bbox 1027 1325 1212 1375; x_wconf 88' lang='lat' dir='ltr'><strong>cognosci</strong></span> <span class='ocrx_word' id='word_1_131' title='bbox 1259 1324 1363 1375; x_wconf 91' lang='lat' dir='ltr'><strong>quod</strong></span> <span class='ocrx_word' id='word_1_132' title='bbox 1403 1325 1585 1371; x_wconf 82' lang='lat' dir='ltr'><strong>diximus,</strong></span> 
     </span>
     <span class='ocr_line' id='line_1_20' title="bbox 201 1384 1587 1437; baseline 0 -14"><span class='ocrx_word' id='word_1_133' title='bbox 201 1384 383 1434; x_wconf 90' lang='lat' dir='ltr'><strong>loquelae</strong></span> <span class='ocrx_word' id='word_1_134' title='bbox 417 1385 678 1426; x_wconf 89' lang='lat' dir='ltr'><strong>instrumenta</strong></span> <span class='ocrx_word' id='word_1_135' title='bbox 712 1398 832 1437; x_wconf 90' lang='lat' dir='ltr'><strong>saepe</strong></span> <span class='ocrx_word' id='word_1_136' title='bbox 868 1389 1059 1426; x_wconf 84' lang='lat' dir='ltr'><strong>maturius</strong></span> <span class='ocrx_word' id='word_1_137' title='bbox 1102 1385 1154 1424; x_wconf 88' lang='lat' dir='ltr'><strong>ad</strong></span> <span class='ocrx_word' id='word_1_138' title='bbox 1194 1385 1396 1436; x_wconf 83' lang='lat' dir='ltr'><strong>proximas</strong></span> <span class='ocrx_word' id='word_1_139' title='bbox 1435 1385 1587 1424; x_wconf 89' lang='lat' dir='ltr'><strong>litteras</strong></span> 
     </span>
     <span class='ocr_line' id='line_1_21' title="bbox 201 1443 729 1496; baseline 0.006 -14"><span class='ocrx_word' id='word_1_140' title='bbox 201 1443 457 1494; x_wconf 87' lang='lat' dir='ltr'><strong>proferendas</strong></span> <span class='ocrx_word' id='word_1_141' title='bbox 485 1447 667 1496; x_wconf 92' lang='lat' dir='ltr'><strong>componi</strong></span> <span class='ocrx_word' id='word_1_142' title='bbox 677 1447 729 1492; x_wconf 77' lang='lat'><strong>¹⁶).</strong></span> 
     </span>
    </p>

    <p class='ocr_par' dir='ltr' id='par_1_6' title="bbox 200 1503 1588 2033">
     <span class='ocr_line' id='line_1_22' title="bbox 305 1503 1584 1554; baseline 0.001 -12"><span class='ocrx_word' id='word_1_143' title='bbox 305 1504 390 1542; x_wconf 90' lang='lat' dir='ltr'><strong>Iam</strong></span> <span class='ocrx_word' id='word_1_144' title='bbox 419 1516 511 1543; x_wconf 89' lang='lat' dir='ltr'><strong>vero</strong></span> <span class='ocrx_word' id='word_1_145' title='bbox 550 1505 767 1554; x_wconf 81' lang='lat' dir='ltr'><strong>quaeritur,</strong></span> <span class='ocrx_word' id='word_1_146' title='bbox 807 1517 899 1543; x_wconf 92' lang='lat' dir='ltr'><strong>num</strong></span> <span class='ocrx_word' id='word_1_147' title='bbox 928 1503 1067 1543; x_wconf 90' lang='lat' dir='ltr'><strong>eadem</strong></span> <span class='ocrx_word' id='word_1_148' title='bbox 1096 1504 1146 1543; x_wconf 92' lang='lat' dir='ltr'><strong>sit</strong></span> <span class='ocrx_word' id='word_1_149' title='bbox 1173 1505 1273 1542; x_wconf 88' lang='lat' dir='ltr'><strong>ratio</strong></span> <span class='ocrx_word' id='word_1_150' title='bbox 1302 1505 1386 1544; x_wconf 90' lang='lat' dir='ltr'><strong>eius</strong></span> <span class='ocrx_word' id='word_1_151' title='bbox 1414 1505 1584 1554; x_wconf 85' lang='lat' dir='ltr'><strong>generis,</strong></span> 
     </span>
     <span class='ocr_line' id='line_1_23' title="bbox 201 1562 1587 1613; baseline 0.001 -12"><span class='ocrx_word' id='word_1_152' title='bbox 201 1562 268 1602; x_wconf 92' lang='lat' dir='ltr'><strong>ubi</strong></span> <span class='ocrx_word' id='word_1_153' title='bbox 291 1562 519 1613; x_wconf 89' lang='lat' dir='ltr'><strong>liquidae</strong></span> <span class='ocrx_word' id='word_1_154' title='bbox 547 1568 593 1604; x_wconf 92' lang='lat' dir='ltr'><strong>et</strong></span> <span class='ocrx_word' id='word_1_155' title='bbox 620 1565 822 1604; x_wconf 90' lang='lat' dir='ltr'><strong>nasales</strong></span> <span class='ocrx_word' id='word_1_156' title='bbox 850 1576 951 1603; x_wconf 88' lang='lat' dir='ltr'><strong>cum</strong></span> <span class='ocrx_word' id='word_1_157' title='bbox 970 1563 1157 1603; x_wconf 87' lang='lat' dir='ltr'><strong>vicinis</strong></span> <span class='ocrx_word' id='word_1_158' title='bbox 1176 1564 1440 1604; x_wconf 86' lang='lat' dir='ltr'><strong>vocalibus</strong></span> <span class='ocrx_word' id='word_1_159' title='bbox 1458 1576 1587 1603; x_wconf 90' lang='lat' dir='ltr'><strong>com-</strong></span> 
     </span>
     <span class='ocr_line' id='line_1_24' title="bbox 200 1623 1587 1675; baseline 0 -13"><span class='ocrx_word' id='word_1_160' title='bbox 200 1627 471 1673; x_wconf 83' lang='lat' dir='ltr'><strong>mutantur,</strong></span> <span class='ocrx_word' id='word_1_161' title='bbox 506 1624 547 1663; x_wconf 88' lang='lat' dir='ltr'><strong>id</strong></span> <span class='ocrx_word' id='word_1_162' title='bbox 576 1624 678 1674; x_wconf 90' lang='lat' dir='ltr'><strong>quod</strong></span> <span class='ocrx_word' id='word_1_163' title='bbox 706 1625 936 1675; x_wconf 90' lang='lat' dir='ltr'><strong>plerumque</strong></span> <span class='ocrx_word' id='word_1_164' title='bbox 963 1623 1019 1663; x_wconf 90' lang='lat' dir='ltr'><strong>sic</strong></span> <span class='ocrx_word' id='word_1_165' title='bbox 1046 1623 1130 1663; x_wconf 91' lang='lat' dir='ltr'><strong>fieri</strong></span> <span class='ocrx_word' id='word_1_166' title='bbox 1156 1623 1400 1673; x_wconf 89' lang='lat' dir='ltr'><strong>videbimus,</strong></span> <span class='ocrx_word' id='word_1_167' title='bbox 1429 1627 1472 1662; x_wconf 92' lang='lat' dir='ltr'><strong>ut</strong></span> <span class='ocrx_word' id='word_1_168' title='bbox 1499 1624 1587 1674; x_wconf 89' lang='lat' dir='ltr'><strong>ipsa</strong></span> 
     </span>
     <span class='ocr_line' id='line_1_25' title="bbox 200 1683 1588 1734; baseline -0.001 -12"><span class='ocrx_word' id='word_1_169' title='bbox 200 1683 350 1733; x_wconf 91' lang='lat' dir='ltr'><strong>liquida</strong></span> <span class='ocrx_word' id='word_1_170' title='bbox 384 1684 450 1723; x_wconf 87' lang='lat' dir='ltr'><strong>vel</strong></span> <span class='ocrx_word' id='word_1_171' title='bbox 488 1685 635 1724; x_wconf 87' lang='lat' dir='ltr'><strong>nasalis</strong></span> <span class='ocrx_word' id='word_1_172' title='bbox 663 1684 900 1734; x_wconf 89' lang='lat' dir='ltr'><strong>anticipetur</strong></span> <span class='ocrx_word' id='word_1_173' title='bbox 928 1687 967 1723; x_wconf 93' lang='lat' dir='ltr'><strong>et</strong></span> <span class='ocrx_word' id='word_1_174' title='bbox 994 1683 1197 1733; x_wconf 86' lang='lat' dir='ltr'><strong>proximae</strong></span> <span class='ocrx_word' id='word_1_175' title='bbox 1225 1695 1422 1723; x_wconf 87' lang='lat' dir='ltr'><strong>consonae</strong></span> <span class='ocrx_word' id='word_1_176' title='bbox 1449 1683 1588 1722; x_wconf 90' lang='lat' dir='ltr'><strong>adiun-</strong></span> 
     </span>
     <span class='ocr_line' id='line_1_26' title="bbox 200 1742 1585 1795; baseline -0.001 -12"><span class='ocrx_word' id='word_1_177' title='bbox 200 1748 326 1794; x_wconf 87' lang='lat' dir='ltr'><strong>gatur.</strong></span> <span class='ocrx_word' id='word_1_178' title='bbox 382 1742 478 1782; x_wconf 83' lang='lat' dir='ltr'><strong>Cum</strong></span> <span class='ocrx_word' id='word_1_179' title='bbox 515 1756 607 1784; x_wconf 88' lang='lat' dir='ltr'><strong>vero</strong></span> <span class='ocrx_word' id='word_1_180' title='bbox 644 1756 714 1795; x_wconf 91' lang='lat' dir='ltr'><strong>per</strong></span> <span class='ocrx_word' id='word_1_181' title='bbox 749 1756 792 1784; x_wconf 89' lang='lat' dir='ltr'><strong>se</strong></span> <span class='ocrx_word' id='word_1_182' title='bbox 827 1743 929 1783; x_wconf 87' lang='lat' dir='ltr'><strong>bene</strong></span> <span class='ocrx_word' id='word_1_183' title='bbox 966 1742 1128 1793; x_wconf 84' lang='lat' dir='ltr'><strong>cogitari</strong></span> <span class='ocrx_word' id='word_1_184' title='bbox 1155 1743 1279 1793; x_wconf 89' lang='lat' dir='ltr'><strong>possit</strong></span> <span class='ocrx_word' id='word_1_185' title='bbox 1306 1756 1340 1784; x_wconf 83' lang='lat' dir='ltr'><strong>e.</strong></span> <span class='ocrx_word' id='word_1_186' title='bbox 1367 1756 1405 1793; x_wconf 86' lang='lat' dir='ltr'><strong>g.</strong></span> <span class='ocrx_word' id='word_1_187' title='bbox 1434 1742 1585 1794; x_wconf 80' lang='grc' dir='ltr'><em>κραδία</em></span> 
     </span>
     <span class='ocr_line' id='line_1_27' title="bbox 202 1802 1584 1854; baseline -0.002 -10"><span class='ocrx_word' id='word_1_188' title='bbox 202 1803 341 1844; x_wconf 88' lang='lat' dir='ltr'><strong>eadem</strong></span> <span class='ocrx_word' id='word_1_189' title='bbox 368 1803 439 1842; x_wconf 92' lang='lat' dir='ltr'><strong>illa</strong></span> <span class='ocrx_word' id='word_1_190' title='bbox 466 1803 524 1853; x_wconf 86' lang='lat' dir='ltr'><strong>vi,</strong></span> <span class='ocrx_word' id='word_1_191' title='bbox 566 1816 682 1854; x_wconf 88' lang='lat' dir='ltr'><strong>quam</strong></span> <span class='ocrx_word' id='word_1_192' title='bbox 706 1803 750 1842; x_wconf 93' lang='lat' dir='ltr'><strong>in</strong></span> <span class='ocrx_word' id='word_1_193' title='bbox 777 1802 917 1843; x_wconf 85' lang='lat' dir='ltr'><strong>ceteris</strong></span> <span class='ocrx_word' id='word_1_194' title='bbox 944 1803 1173 1842; x_wconf 88' lang='lat' dir='ltr'><strong>metathesis</strong></span> <span class='ocrx_word' id='word_1_195' title='bbox 1200 1803 1410 1852; x_wconf 81' lang='lat' dir='ltr'><strong>generibus</strong></span> <span class='ocrx_word' id='word_1_196' title='bbox 1448 1803 1584 1842; x_wconf 84' lang='lat' dir='ltr'><strong>valere</strong></span> 
     </span>
     <span class='ocr_line' id='line_1_28' title="bbox 201 1861 1584 1915; baseline -0.001 -12"><span class='ocrx_word' id='word_1_197' title='bbox 201 1863 382 1913; x_wconf 89' lang='lat' dir='ltr'><strong>vidimus,</strong></span> <span class='ocrx_word' id='word_1_198' title='bbox 412 1876 459 1902; x_wconf 92' lang='lat' dir='ltr'><strong>ac</strong></span> <span class='ocrx_word' id='word_1_199' title='bbox 478 1864 607 1903; x_wconf 89' lang='lat' dir='ltr'><strong>subita</strong></span> <span class='ocrx_word' id='word_1_200' title='bbox 626 1879 648 1915; x_wconf 87' lang='grc' dir='ltr'><em>ρ</em></span> <span class='ocrx_word' id='word_1_201' title='bbox 668 1864 822 1903; x_wconf 87' lang='lat' dir='ltr'><strong>litterae</strong></span> <span class='ocrx_word' id='word_1_202' title='bbox 841 1862 1123 1912; x_wconf 89' lang='lat' dir='ltr'><strong>anticipatione</strong></span> <span class='ocrx_word' id='word_1_203' title='bbox 1150 1874 1172 1901; x_wconf 95' lang='lat' dir='ltr'><strong>e</strong></span> <span class='ocrx_word' id='word_1_204' title='bbox 1200 1861 1349 1911; x_wconf 77' lang='grc' dir='ltr'><em>καρδία</em></span> <span class='ocrx_word' id='word_1_205' title='bbox 1377 1862 1584 1913; x_wconf 84' lang='lat' dir='ltr'><strong>prodiisse,</strong></span> 
     </span>
     <span class='ocr_line' id='line_1_29' title="bbox 200 1921 1584 1974; baseline -0.001 -12"><span class='ocrx_word' id='word_1_206' title='bbox 200 1928 334 1963; x_wconf 91' lang='lat' dir='ltr'><strong>tamen</strong></span> <span class='ocrx_word' id='word_1_207' title='bbox 360 1923 435 1963; x_wconf 87' lang='lat' dir='ltr'><strong>hoc</strong></span> <span class='ocrx_word' id='word_1_208' title='bbox 461 1924 503 1962; x_wconf 92' lang='lat' dir='ltr'><strong>in</strong></span> <span class='ocrx_word' id='word_1_209' title='bbox 529 1935 674 1974; x_wconf 86' lang='lat' dir='ltr'><strong>genere</strong></span> <span class='ocrx_word' id='word_1_210' title='bbox 700 1923 866 1963; x_wconf 86' lang='lat' dir='ltr'><strong>fortasse</strong></span> <span class='ocrx_word' id='word_1_211' title='bbox 893 1922 1154 1973; x_wconf 89' lang='lat' dir='ltr'><strong>principalem</strong></span> <span class='ocrx_word' id='word_1_212' title='bbox 1176 1921 1407 1962; x_wconf 87' lang='lat' dir='ltr'><strong>metathesis</strong></span> <span class='ocrx_word' id='word_1_213' title='bbox 1426 1933 1584 1961; x_wconf 85' lang='lat' dir='ltr'><strong>causam</strong></span> 
     </span>
     <span class='ocr_line' id='line_1_30' title="bbox 200 1982 1585 2033; baseline -0.003 -10"><span class='ocrx_word' id='word_1_214' title='bbox 200 1997 281 2024; x_wconf 91' lang='lat' dir='ltr'><strong>non</strong></span> <span class='ocrx_word' id='word_1_215' title='bbox 309 1987 512 2025; x_wconf 84' lang='lat' dir='ltr'><strong>externam</strong></span> <span class='ocrx_word' id='word_1_216' title='bbox 539 1983 662 2033; x_wconf 92' lang='lat' dir='ltr'><strong>illam,</strong></span> <span class='ocrx_word' id='word_1_217' title='bbox 691 1983 763 2023; x_wconf 89' lang='lat' dir='ltr'><strong>sed</strong></span> <span class='ocrx_word' id='word_1_218' title='bbox 789 1984 831 2023; x_wconf 93' lang='lat' dir='ltr'><strong>in</strong></span> <span class='ocrx_word' id='word_1_219' title='bbox 857 1984 1031 2033; x_wconf 90' lang='lat' dir='ltr'><strong>ipsarum</strong></span> <span class='ocrx_word' id='word_1_220' title='bbox 1058 1982 1295 2032; x_wconf 88' lang='lat' dir='ltr'><strong>liquidarum</strong></span> <span class='ocrx_word' id='word_1_221' title='bbox 1324 1985 1363 2021; x_wconf 90' lang='lat' dir='ltr'><strong>et</strong></span> <span class='ocrx_word' id='word_1_222' title='bbox 1391 1982 1585 2020; x_wconf 89' lang='lat' dir='ltr'><strong>nasalium</strong></span> 
     </span>
    </p>
   </div>
   <div class='ocr_carea' id='block_1_4' title="bbox 201 2118 1589 2548">
    <p class='ocr_par' dir='ltr' id='par_1_7' title="bbox 201 2118 1587 2303">
     <span class='ocr_line' id='line_1_31' title="bbox 289 2118 1586 2164; baseline -0.005 -8"><span class='ocrx_word' id='word_1_223' title='bbox 289 2124 325 2162; x_wconf 83' lang='lat'><strong>¹⁵)</strong></span> <span class='ocrx_word' id='word_1_224' title='bbox 348 2122 435 2155; x_wconf 90' lang='lat' dir='ltr'><strong>Num</strong></span> <span class='ocrx_word' id='word_1_225' title='bbox 458 2122 616 2164; x_wconf 87' lang='lat' dir='ltr'><strong>aspiratio</strong></span> <span class='ocrx_word' id='word_1_226' title='bbox 639 2131 793 2163; x_wconf 88' lang='lat' dir='ltr'><strong>umquam</strong></span> <span class='ocrx_word' id='word_1_227' title='bbox 815 2120 989 2154; x_wconf 85' lang='lat' dir='ltr'><strong>metathesi</strong></span> <span class='ocrx_word' id='word_1_228' title='bbox 1010 2120 1045 2152; x_wconf 90' lang='lat' dir='ltr'><strong>in</strong></span> <span class='ocrx_word' id='word_1_229' title='bbox 1067 2123 1255 2161; x_wconf 85' lang='lat' dir='ltr'><strong>sequentem</strong></span> <span class='ocrx_word' id='word_1_230' title='bbox 1279 2118 1440 2161; x_wconf 82' lang='lat' dir='ltr'><strong>syllabam</strong></span> <span class='ocrx_word' id='word_1_231' title='bbox 1458 2121 1586 2150; x_wconf 87' lang='lat' dir='ltr'><strong>remota</strong></span> 
     </span>
     <span class='ocr_line' id='line_1_32' title="bbox 201 2166 1586 2212; baseline -0.003 -8"><span class='ocrx_word' id='word_1_232' title='bbox 201 2172 252 2212; x_wconf 85' lang='lat' dir='ltr'><strong>sit,</strong></span> <span class='ocrx_word' id='word_1_233' title='bbox 275 2171 368 2204; x_wconf 84' lang='lat' dir='ltr'><strong>valde</strong></span> <span class='ocrx_word' id='word_1_234' title='bbox 388 2172 550 2204; x_wconf 89' lang='lat' dir='ltr'><strong>incertum</strong></span> <span class='ocrx_word' id='word_1_235' title='bbox 571 2175 631 2204; x_wconf 86' lang='lat' dir='ltr'><strong>est.</strong></span> <span class='ocrx_word' id='word_1_236' title='bbox 678 2171 743 2204; x_wconf 88' lang='lat' dir='ltr'><strong>Sed</strong></span> <span class='ocrx_word' id='word_1_237' title='bbox 764 2170 836 2203; x_wconf 90' lang='lat' dir='ltr'><strong>fieri</strong></span> <span class='ocrx_word' id='word_1_238' title='bbox 856 2170 965 2212; x_wconf 86' lang='lat' dir='ltr'><strong>potuit</strong></span> <span class='ocrx_word' id='word_1_239' title='bbox 983 2169 1074 2202; x_wconf 89' lang='lat' dir='ltr'><strong>haud</strong></span> <span class='ocrx_word' id='word_1_240' title='bbox 1097 2169 1203 2208; x_wconf 89' lang='lat' dir='ltr'><strong>dubie,</strong></span> <span class='ocrx_word' id='word_1_241' title='bbox 1227 2172 1273 2206; x_wconf 80' lang='lat' dir='ltr'><strong>ut,</strong></span> <span class='ocrx_word' id='word_1_242' title='bbox 1297 2177 1371 2200; x_wconf 87' lang='lat' dir='ltr'><strong>cum</strong></span> <span class='ocrx_word' id='word_1_243' title='bbox 1392 2166 1428 2198; x_wconf 93' lang='lat' dir='ltr'><strong>in</strong></span> <span class='ocrx_word' id='word_1_244' title='bbox 1450 2176 1586 2208; x_wconf 88' lang='lat' dir='ltr'><strong>praece-</strong></span> 
     </span>
     <span class='ocr_line' id='line_1_33' title="bbox 202 2216 1587 2263; baseline -0.004 -9"><span class='ocrx_word' id='word_1_245' title='bbox 202 2221 299 2254; x_wconf 88' lang='lat' dir='ltr'><strong>dente</strong></span> <span class='ocrx_word' id='word_1_246' title='bbox 321 2220 449 2263; x_wconf 86' lang='lat' dir='ltr'><strong>syllaba</strong></span> <span class='ocrx_word' id='word_1_247' title='bbox 479 2221 641 2262; x_wconf 85' lang='lat' dir='ltr'><strong>aspirata‚</strong></span> <span class='ocrx_word' id='word_1_248' title='bbox 677 2221 711 2253; x_wconf 91' lang='lat' dir='ltr'><strong>in</strong></span> <span class='ocrx_word' id='word_1_249' title='bbox 744 2224 900 2262; x_wconf 88' lang='lat' dir='ltr'><strong>sequente</strong></span> <span class='ocrx_word' id='word_1_250' title='bbox 932 2219 1040 2252; x_wconf 86' lang='lat' dir='ltr'><strong>tenuis</strong></span> <span class='ocrx_word' id='word_1_251' title='bbox 1072 2218 1269 2261; x_wconf 86' lang='lat' dir='ltr'><strong>proferenda</strong></span> <span class='ocrx_word' id='word_1_252' title='bbox 1303 2220 1409 2256; x_wconf 86' lang='lat' dir='ltr'><strong>esset,</strong></span> <span class='ocrx_word' id='word_1_253' title='bbox 1443 2216 1587 2257; x_wconf 85' lang='lat' dir='ltr'><strong>qualitas</strong></span> 
     </span>
     <span class='ocr_line' id='line_1_34' title="bbox 202 2271 677 2303; baseline -0.002 0"><span class='ocrx_word' id='word_1_254' title='bbox 202 2271 386 2303; x_wconf 89' lang='lat' dir='ltr'><strong>litterarum</strong></span> <span class='ocrx_word' id='word_1_255' title='bbox 409 2274 677 2303; x_wconf 88' lang='lat' dir='ltr'><strong>commutaretur.</strong></span> 
     </span>
    </p>

    <p class='ocr_par' dir='ltr' id='par_1_8' title="bbox 201 2313 1589 2511">
     <span class='ocr_line' id='line_1_35' title="bbox 288 2313 1587 2362; baseline -0.004 -10"><span class='ocrx_word' id='word_1_256' title='bbox 288 2320 325 2360; x_wconf 83' lang='lat'><strong>¹⁶)</strong></span> <span class='ocrx_word' id='word_1_257' title='bbox 349 2318 510 2353; x_wconf 87' lang='lat' dir='ltr'><strong>Christius</strong></span> <span class='ocrx_word' id='word_1_258' title='bbox 543 2319 675 2362; x_wconf 71' lang='lat' dir='ltr'><strong>‘griech</strong></span> <span class='ocrx_word' id='word_1_259' title='bbox 710 2319 815 2352; x_wconf 85' lang='lat' dir='ltr'><strong>lautl.&#39;</strong></span> <span class='ocrx_word' id='word_1_260' title='bbox 848 2329 880 2360; x_wconf 89' lang='lat' dir='ltr'><strong>p.</strong></span> <span class='ocrx_word' id='word_1_261' title='bbox 915 2319 955 2351; x_wconf 85' lang='grc'><strong>64</strong></span> <span class='ocrx_word' id='word_1_262' title='bbox 988 2319 1109 2359; x_wconf 80' lang='grc' dir='ltr'><em>νεῦρον</em></span> <span class='ocrx_word' id='word_1_263' title='bbox 1141 2320 1173 2349; x_wconf 86' lang='lat' dir='ltr'><strong>et</strong></span> <span class='ocrx_word' id='word_1_264' title='bbox 1206 2316 1276 2349; x_wconf 87' lang='lat' dir='ltr'><strong>sim.</strong></span> <span class='ocrx_word' id='word_1_265' title='bbox 1310 2314 1353 2347; x_wconf 84' lang='lat' dir='ltr'><strong>ad</strong></span> <span class='ocrx_word' id='word_1_266' title='bbox 1387 2313 1587 2356; x_wconf 86' lang='lat' dir='ltr'><strong>liquidarum</strong></span> 
     </span>
     <span class='ocr_line' id='line_1_36' title="bbox 201 2364 1588 2412; baseline -0.005 -10"><span class='ocrx_word' id='word_1_267' title='bbox 201 2370 396 2404; x_wconf 86' lang='lat' dir='ltr'><strong>metathesin</strong></span> <span class='ocrx_word' id='word_1_268' title='bbox 428 2370 571 2409; x_wconf 86' lang='lat' dir='ltr'><strong>rettulit,</strong></span> <span class='ocrx_word' id='word_1_269' title='bbox 606 2370 700 2412; x_wconf 86' lang='lat' dir='ltr'><strong>quasi</strong></span> <span class='ocrx_word' id='word_1_270' title='bbox 737 2370 771 2401; x_wconf 92' lang='lat' dir='ltr'><strong>in</strong></span> <span class='ocrx_word' id='word_1_271' title='bbox 800 2369 850 2402; x_wconf 90' lang='lat' dir='ltr'><strong>his</strong></span> <span class='ocrx_word' id='word_1_272' title='bbox 887 2379 906 2409; x_wconf 88' lang='grc' dir='ltr'><em>ρ</em></span> <span class='ocrx_word' id='word_1_273' title='bbox 939 2366 1038 2400; x_wconf 90' lang='lat' dir='ltr'><strong>simili</strong></span> <span class='ocrx_word' id='word_1_274' title='bbox 1070 2367 1196 2399; x_wconf 86' lang='lat' dir='ltr'><strong>ratione</strong></span> <span class='ocrx_word' id='word_1_275' title='bbox 1227 2364 1450 2407; x_wconf 84' lang='lat' dir='ltr'><strong>postpositum</strong></span> <span class='ocrx_word' id='word_1_276' title='bbox 1491 2368 1588 2405; x_wconf 84' lang='lat' dir='ltr'><strong>atque</strong></span> 
     </span>
     <span class='ocr_line' id='line_1_37' title="bbox 201 2413 1589 2462; baseline -0.004 -10"><span class='ocrx_word' id='word_1_277' title='bbox 201 2420 236 2452; x_wconf 90' lang='lat' dir='ltr'><strong>in</strong></span> <span class='ocrx_word' id='word_1_278' title='bbox 257 2419 378 2462; x_wconf 71' lang='grc' dir='ltr'><em>καρδία</em></span> <span class='ocrx_word' id='word_1_279' title='bbox 400 2436 442 2443; x_wconf 86' lang='lat'>-</span> <span class='ocrx_word' id='word_1_280' title='bbox 462 2419 584 2460; x_wconf 77' lang='grc' dir='ltr'><em>κραδία</em></span> <span class='ocrx_word' id='word_1_281' title='bbox 614 2419 840 2461; x_wconf 87' lang='lat' dir='ltr'><strong>praepositum</strong></span> <span class='ocrx_word' id='word_1_282' title='bbox 870 2420 965 2450; x_wconf 86' lang='lat' dir='ltr'><strong>esset.</strong></span> <span class='ocrx_word' id='word_1_283' title='bbox 1009 2416 1104 2457; x_wconf 80' lang='lat' dir='ltr'><strong>Quod</strong></span> <span class='ocrx_word' id='word_1_284' title='bbox 1135 2426 1193 2448; x_wconf 88' lang='lat' dir='ltr'><strong>cur</strong></span> <span class='ocrx_word' id='word_1_285' title='bbox 1225 2414 1363 2457; x_wconf 83' lang='lat' dir='ltr'><strong>probari</strong></span> <span class='ocrx_word' id='word_1_286' title='bbox 1384 2424 1451 2447; x_wconf 90' lang='lat' dir='ltr'><strong>non</strong></span> <span class='ocrx_word' id='word_1_287' title='bbox 1472 2413 1589 2455; x_wconf 87' lang='lat' dir='ltr'><strong>possit,</strong></span> 
     </span>
     <span class='ocr_line' id='line_1_38' title="bbox 204 2468 531 2511; baseline -0.006 -9"><span class='ocrx_word' id='word_1_288' title='bbox 204 2468 302 2502; x_wconf 88' lang='lat' dir='ltr'><strong>facile</strong></span> <span class='ocrx_word' id='word_1_289' title='bbox 324 2468 531 2511; x_wconf 85' lang='lat' dir='ltr'><strong>perspicitur.</strong></span> 
     </span>
    </p>

    <p class='ocr_par' dir='ltr' id='par_1_9' title="bbox 1319 2519 1335 2548">
     <span class='ocr_line' id='line_1_39' title="bbox 1319 2519 1335 2548; baseline 0 0"><span class='ocrx_word' id='word_1_290' title='bbox 1319 2519 1335 2548; x_wconf 83' lang='lat'><strong>2</strong></span> 
     </span>
    </p>
   </div>
  </div>
 </body>
</html>
