1808 2965
920 301 969 340 36

256 406 425 446 candum
462 410 520 444 est
554 405 603 445 de
641 405 849 457 κραιπάλη
887 404 1113 455 crapula,
1145 405 1311 442 ‘taumel’
1353 408 1391 444 et
1433 404 1568 458 κάλπη
1605 413 1644 447 ct

256 467 340 507 sim.
369 478 407 505 v,
437 464 543 506 Curt.
572 479 611 517 p.
645 469 728 506 137.
757 465 869 506 Benf.
899 466 951 516 II,
981 468 1069 505 310.

365 529 422 565 15.
453 525 638 577 κράμβος
667 528 828 567 siccus
856 526 964 566 haud
984 526 1102 566 dubie
1121 525 1174 565 ad
1194 524 1343 578 κάρφω
1372 530 1536 566 torreo
1559 538 1645 576 per·

255 586 366 631 tinet,
396 599 433 624 v.
462 586 682 626 Walterum
712 587 793 626 KZ.
822 587 915 637 XII,
946 589 1033 626 380.
1063 585 1169 626 Curt.
1198 599 1236 637 p.
1266 588 1352 626 480.

367 650 422 686 16.
452 645 617 698 γράσων
660 646 835 699 (μωρός,
870 645 1122 694 ἀνούστατος
1150 646 1337 699 Hesych.)
1375 647 1536 687 Fickius
1565 645 1643 687 ‘Or-

255 720 292 746 υ.
322 706 423 746 Oce.y
452 707 526 756 ΙΙΙ,
557 709 632 745 295
669 719 755 745 eum
793 708 861 745 lat.
897 721 1016 757 {serr-0
1053 707 1138 746 sive
1166 715 1278 744 cerro
1309 707 1509 757 ‘tolpel'
1539 708 1643 753 (Ter.

254 767 398 807 Heaut.
428 772 463 817 5,
493 770 529 816 4,
564 766 623 816 10)
652 766 880 817 composuit,
911 767 1016 817 quod
1044 767 1251 817 quominus
1279 780 1303 807 a
1332 766 1493 807 Graecis
1520 771 1645 815 trans-

256 829 380 867 latum
399 831 593 878 putemus,
624 827 859 877 impedimur
877 827 1011 867 formis
1030 827 1207 877 cognatis
1234 830 1409 871 cerritus,
1438 828 1645 865 cem-italus

255 888 341 927 sim.
397 887 472 926 Pro
518 887 652 926 radice
698 899 785 926 cum
831 887 970 926 Fickio
1016 886 1109 924 lcars
1154 887 1275 933 (unde
1318 900 1375 938 gr.
1416 885 1546 939 κόρση
1576 887 1643 933 al.)

255 946 441 987 habenda
469 950 539 986 est.
595 946 710 995 Quod
745 947 955 987 metathesi
982 947 1086 987 facta
1113 948 1220 998 apud
1249 947 1422 987 Graecos
1450 961 1497 997 κρ
1526 946 1568 985 in
1594 960 1642 998 γρ

255 1007 366 1057 abiit,
395 1007 436 1046 in
466 1019 512 1046 eo
541 1007 641 1046 nihil
671 1011 730 1048 est
757 1007 1005 1059 offensionis3
1034 1007 1081 1047 cf.
1111 1020 1230 1059 supra
1257 1011 1336 1047 not.
1366 1009 1428 1047 26.

365 1071 423 1107 17.
454 1067 633 1119 κρόμυον
676 1081 829 1119 caepa
864 1081 888 1107 a
923 1069 1072 1108 Picteto
1110 1067 1303 1119 ‘Origines
1339 1067 1586 1118 Indoeurop.'
1625 1067 1645 1106 Ι

256 1130 331 1168 297
374 1140 461 1168 cum
496 1129 634 1169 lituan.
658 1128 864 1167 ..lcermusze
910 1133 948 1169 et
992 1129 1145 1169 hibern.
1187 1130 1339 1167 ereamh
1385 1131 1644 1179 comparatur,

255 1189 431 1238 Buggius
460 1189 540 1227 KZ.
579 1190 691 1238 XIX,
729 1191 804 1229 419
852 1189 992 1228 eodem
1037 1189 1214 1229 scandin.
1262 1201 1367 1226 rams
1410 1188 1548 1238 refert,
1595 1188 1643 1227 cf.

255 1247 455 1287 Hehnium
491 1260 529 1297 p.
571 1250 656 1287 126.
725 1249 772 1287 In
808 1248 924 1287 trium
961 1249 1183 1298 linguarum
1220 1251 1476 1298 cognatarum
1510 1248 1645 1287 formis

254 1307 446 1357 liquidam
474 1307 753 1358 anticipatam,
785 1308 826 1348 in
854 1322 932 1348 uno
960 1309 1098 1348 lituan.
1127 1308 1329 1346 kermusze
1355 1321 1424 1348 suo
1453 1309 1539 1348 loco
1567 1320 1645 1348 ser-

254 1372 387 1407 vatam
417 1379 503 1407 esse
531 1380 611 1406 non
639 1380 709 1419 pro
737 1374 842 1408 certo
870 1368 1034 1419 affirmo,
1065 1368 1136 1409 sed
1164 1368 1377 1408 verisimile
1405 1367 1524 1418 duco,
1554 1368 1646 1418 quia

254 1428 296 1467 in
336 1428 409 1467 hoc
450 1428 644 1468 vocalis
685 1429 1010 1480 anticipationem
1052 1441 1171 1480 aegre
1212 1428 1493 1478 concesserim,
1541 1427 1645 1478 quod

256 1488 490 1528 metathesis
517 1500 643 1538 genus
671 1489 910 1539 paucissima
946 1490 1065 1529 etiam
1101 1489 1209 1539 apud
1237 1490 1427 1529 Lituanos
1461 1489 1645 1539 exempla

254 1548 409 1588 videtur
437 1548 597 1588 habere.

364 1610 423 1647 18.
453 1605 600 1658 ἀχράς,
648 1613 694 1647 st.
743 1605 894 1658 ἀχραὸ,
941 1610 1103 1659 pirum
1148 1612 1285 1659 aperte
1330 1609 1513 1647 cohaeret
1557 1621 1653 1654 cum

256 1665 431 1717 ἄχερόος
473 1666 623 1717 pirus.
679 1666 926 1716 Quamquam
962 1680 1055 1707 vero
1093 1667 1143 1708 de
1179 1668 1330 1718 origine
1365 1668 1503 1707 horum
1530 1680 1645 1707 voca-

253 1727 436 1765 bulorum
464 1726 639 1765 nondum
668 1730 834 1776 constat,
863 1731 995 1767 tamen
1024 1749 1073 1754 —
1102 1729 1135 1768 si
1165 1728 1388 1768 universam
1416 1727 1644 1768 metathesis

252 1786 446 1825 rationem
473 1789 699 1836 spectamus
726 1809 778 1813 —
808 1786 987 1826 dubitare
1015 1799 1095 1827 non
1122 1800 1341 1838 possumus,
1371 1788 1464 1837 quin
1493 1788 1643 1827 arboris

253 1858 398 1885 nomen
426 1845 633 1896 pristinam
661 1845 880 1886 litterarum
906 1847 1203 1887 collocationem
1222 1851 1419 1887 servatam
1439 1847 1642 1898 praebeat,

255 1902 387 1955 ἆχραό
415 1906 540 1944 forma
567 1905 709 1944 affecta
737 1906 797 1944 sit.
853 1906 1046 1946 Derivata
1064 1910 1155 1946 sunt
1169 1905 1391 1958 Άχερόοῦς
1417 1930 1469 1935 —
1493 1906 1643 1958 Ἀχρα-

257 1963 366 2011 δοῦς,
395 1964 551 2003 Atticae
578 1962 937 2018 paguS‚}1ffioidiyg
965 1966 1017 2005 al.
1046 1978 1082 2005 v,
1112 1966 1313 2007 Benseleri
1342 1967 1420 2006 leX.
1449 1979 1488 2017 p.
1523 1968 1607 2006 187.

364 2026 422 2063 19.
452 2021 656 2076 ἄτρακτος
697 2024 837 2065 fusus
878 2026 1055 2076 proxime
1099 2031 1307 2077 cognatum
1350 2031 1409 2067 est
1450 2039 1537 2066 cum
1569 2039 1642 2067 scr.

253 2084 438 2121 tarlc-u-s.
495 2085 626 2123 Radix
662 2089 722 2123 est
760 2084 868 2126 tarlc,
899 2098 957 2134 gr.
984 2100 1086 2136 τρακ
1116 2109 1167 2115 -
1194 2102 1290 2137 τρεκ
1321 2089 1371 2131 (v.
1400 2100 1438 2125 n.
1468 2089 1553 2137 20),
1590 2087 1643 2126 ad.

252 2156 370 2194 quam
399 2144 518 2183 etiam
548 2142 726 2197 ἀτρεκής
754 2144 1022 2184 revocandum
1050 2150 1121 2185 est.

247 2258 251 2260 .
359 2206 420 2244 20.
449 2208 611 2256 τρέπω,
662 2205 695 2244 si
743 2205 915 2244 Curtium
963 2209 1014 2255 (p.
1045 2207 1135 2252 427)
1184 2206 1399 2256 sequimur,
1445 2219 1532 2246 cum
1573 2208 1641 2246 lat.

254 2268 414 2313 torqueo
443 2275 515 2302 scr.
537 2263 692 2301 carle-us
720 2268 792 2303 cet.
821 2263 874 2303 ad
903 2264 1071 2303 eandem
1099 2264 1183 2304 rad.
1212 2264 1345 2315 indog.
1375 2266 1494 2304 *tarlc
1520 2266 1642 2313 redit,-

254 2334 275 2361 e
296 2334 374 2371 qua
393 2323 510 2363 etiam
536 2323 668 2364 theod.
699 2323 866 2374 dralzjan
887 2324 938 2363 al.
968 2324 1152 2365 videntur
1169 2325 1373 2375 prodiisse,
1402 2339 1439 2365 v.
1461 2326 1642 2366 Fickium

251 2395 293 2432 p.
311 2384 400 2420 363.
447 2383 485 2422 Is
503 2387 635 2423 autem
663 2396 701 2433 p.
722 2385 770 2422 82
799 2386 940 2433 τρέπω
970 2396 1057 2422 cum
1085 2384 1152 2422 lat.
1174 2386 1293 2435 lrepz‘t
1319 2387 1499 2435 (vertit,
1529 2386 1640 2425 Paul.

252 2441 357 2493 Epit.
388 2444 500 2492 367),
536 2443 726 2495 trepidus,
766 2443 918 2483 sloven.
948 2447 1113 2496 ινφ-ατί
1139 2444 1420 2496 trepidare,
1450 2458 1521 2486 scr.
1551 2453 1638 2498 trop

252 2502 441 2552 pudere
469 2525 521 2531 -—
548 2503 651 2553 quod
680 2503 838 2554 proprie
867 2515 917 2543 se
945 2509 1174 2545 avertere
1203 2506 1482 2557 significaverit
1509 2529 1559 2534 —
1587 2505 1640 2546 ad
