1808 2965
903 248 949 286 18

227 352 279 391 ab
308 351 502 402 anaptyxi
537 352 733 391 vocalium
767 350 1052 397 concedamus,
1093 355 1226 391 tamen
1269 351 1485 402 posteriore
1525 356 1622 392 tem-

228 423 325 461 pore
366 410 532 462 perinde
570 415 689 461 atque
730 411 771 449 in
813 412 954 450 ceteris
994 410 1205 461 generibus
1247 410 1347 450 illud
1380 412 1622 461 properandi

227 470 399 510 studium
420 471 630 522 plurimum
649 471 823 510 valuisse
843 470 1125 511 existimamus.
1166 470 1220 510 Ut
1237 470 1356 521 igitur
1372 471 1415 511 in
1428 468 1620 522 Ἄρτεμις

227 553 281 558 -
303 529 496 582 Ἄτρεμις
530 546 551 581 ρ
583 531 739 571 litterae
772 543 860 570 cum
887 545 910 569 τ
938 531 1301 580 commutationem,
1338 543 1426 571 cum
1452 531 1621 582 primum

228 590 349 641 fieret,
378 604 456 630 uno
478 591 668 642 temporis
685 594 885 630 momento
912 590 1057 630 factam
1085 602 1172 631 esse
1199 594 1365 640 constat,
1393 591 1450 631 ita
1476 594 1621 643 τέτρα-

227 665 299 697 τος
319 663 368 691 ex
387 655 596 702 τέταρτος,
627 650 802 702 ἔδρακον
832 663 881 690 ex
910 650 1087 702 ἔόαρκον
1115 651 1199 690 sim.
1230 673 1280 678 -
1309 663 1410 701 quae
1438 663 1526 692 sero
1552 651 1621 692 ad-

228 711 388 750 modum
415 712 666 751 metathesim
693 724 813 761 passa
840 716 931 750 sunt
957 734 1009 738 —
1036 711 1164 750 subito
1199 714 1258 759 et,
1300 714 1342 749 ut
1381 711 1437 749 ita
1479 711 1619 761 dicam,

227 771 315 811 sine
343 771 578 822 ambagibus
606 771 764 822 prodire
789 774 1012 822 potuerunt.

335 831 419 870 Iam
448 831 563 871 facile
591 831 704 871 vides
731 843 815 871 rem
837 831 957 871 aliam
977 842 1065 871 esse
1083 831 1124 869 in
1143 830 1308 870 initiis
1327 831 1621 871 vocabulorum.

229 890 291 930 Ibi
320 891 424 930 enim
453 903 540 931 cum
568 892 702 931 littera
729 891 946 942 anticipata
981 904 1061 930 non
1095 890 1279 940 haberet,
1316 903 1392 941 quo
1429 902 1471 931 se
1507 892 1621 931 accli-

227 954 360 1000 naret,
404 963 492 990 cum
527 951 728 992 rarissime
763 953 913 991 vocalis
951 964 1038 991 cum
1073 950 1226 1001 liquida
1261 952 1326 991 vel
1357 951 1485 991 nasali
1520 963 1622 991 com-

227 1015 380 1050 mutata
409 1017 488 1061 est,
527 1016 611 1050 tum
639 1012 759 1061 illud,
796 1012 863 1050 ubi
891 1016 1061 1057 constat,
1097 1024 1178 1050 non
1206 1012 1334 1050 subito
1361 1011 1507 1050 factum
1534 1023 1622 1051 esse

229 1071 489 1121 probabiliter
525 1072 811 1122 suspicabimur
846 1073 978 1121 itaque
1007 1083 1040 1110 e.
1069 1083 1106 1119 g.
1135 1068 1308 1121 ἁρπάζει)
1337 1083 1387 1109 ex
1418 1071 1619 1123 *ῥαπαζω

228 1131 294 1180 (=
323 1131 390 1170 lat.
428 1132 556 1182 rapio)
592 1143 669 1182 per.
698 1131 845 1171 formas
879 1130 1134 1171 intermedias
1169 1127 1396 1181 *ἅραπαζω
1423 1128 1622 1183 -*ἆρα-

228 1190 347 1237 παζω
376 1190 571 1240 prodiisse
598 1195 825 1230 statuemus.
880 1191 960 1230 Sed
988 1191 1038 1230 de
1066 1191 1139 1229 hoc
1159 1195 1198 1229 et
1216 1191 1409 1230 similibus
1429 1190 1622 1242 exemplis

227 1250 268 1289 in
298 1253 319 1297 ξ
353 1253 395 1288 11
428 1251 651 1290 accuratius
678 1250 877 1301 agendum
906 1251 992 1291 erit.

335 1309 584 1349 Creberrima
630 1322 678 1349 ea
725 1311 910 1361 exempla
955 1314 1064 1359 sunt,
1117 1311 1159 1348 in
1205 1310 1346 1359 quibus
1391 1314 1438 1349 et
1481 1322 1621 1360 prae-

228 1368 441 1408 cedente
478 1374 524 1408 et
559 1373 801 1419 sequente
836 1382 1056 1409 consona
1090 1369 1287 1419 liquida
1321 1370 1401 1408 vel
1429 1370 1621 1409 nasalis

228 1429 396 1468 vocali
426 1430 775 1479 praeponitur,
808 1430 917 1468 velut
942 1430 985 1468 in
1013 1429 1206 1479 κ-αρ-ὁία
1234 1451 1285 1456 -
1315 1428 1507 1478 κ-ρα-δία
1533 1430 1619 1468 sim.

230 1487 328 1526 Cum
356 1499 450 1527 vero
477 1488 517 1526 in
545 1488 607 1527 his
636 1488 818 1538 syllabae
849 1492 970 1527 antea
997 1488 1194 1538 positione
1220 1489 1365 1538 longae
1392 1491 1556 1538 apertae
1584 1492 1623 1527 et

228 1548 461 1597 plerumque
498 1548 639 1587 breves
676 1547 868 1596 evadant,
906 1548 948 1586 in
985 1547 1060 1587 hoc
1096 1560 1251 1597 quoque
1278 1559 1422 1597 genere
1450 1547 1621 1587 studium

230 1606 332 1645 illud
378 1607 524 1646 formas
565 1607 767 1656 graviores
809 1607 1046 1646 sublevandi
1088 1612 1127 1646 et
1167 1606 1410 1647 exonerandi
1437 1629 1490 1633 —
1517 1607 1622 1656 quod

228 1665 335 1705 idem
364 1678 521 1717 semper
546 1665 588 1705 in
616 1666 754 1715 lingua
780 1666 916 1706 valere
947 1666 1127 1706 videmus
1154 1689 1206 1694 —
1233 1666 1489 1717 cognoscitur.
1545 1667 1622 1707 Ita—

229 1738 304 1776 que
333 1727 451 1765 etiam
480 1727 555 1765 hoc
581 1727 860 1776 intellegimus,
890 1727 1085 1775 quomodo
1113 1726 1195 1766 fieri
1222 1726 1403 1777 potuerit,
1431 1730 1474 1765 ut
1501 1731 1622 1766 meta-

228 1786 352 1825 thesis
380 1799 677 1835 nonnumquam
705 1786 978 1825 admitteretur
1001 1786 1068 1824 ubi
1087 1786 1307 1825 litterarum
1326 1786 1622 1836 coniunctiones

229 1845 485 1894 pronuntiatu
521 1845 776 1885 difficillimae
816 1846 1092 1885 nascebantur.
1147 1845 1212 1884 Sic
1251 1844 1403 1896 βροτός
1443 1847 1622 1886 mortalis

229 1926 281 1930 —
318 1904 523 1943 interiecta
558 1904 665 1943 haud
701 1905 821 1944 dubie
856 1905 982 1943 forma
1026 1902 1241 1954 *μβροτος
1278 1905 1339 1951 (cf.
1377 1902 1620 1955 ἅ-μβροτος)

229 1974 280 2002 ex
316 1961 491 2014 μορτός,
536 1962 642 2013 βλάξ
682 1964 798 2003 simili
844 1963 962 2002 modo
1008 1975 1057 2003 ex
1102 1964 1301 2013 *μαλκ-ς,
1349 1965 1487 2018 ῥοφέω
1535 1967 1621 2016 (pro

229 2022 448 2075 *σροφεω)
479 2035 528 2063 ex
565 2028 764 2077 *σορφεω
794 2029 858 2065 (=
885 2023 1036 2069 sorbeo)
1065 2024 1150 2063 sim.
1180 2024 1241 2069 (cf.
1272 2029 1293 2071 ξ
1323 2027 1347 2062 4
1375 2038 1412 2063 n.
1442 2027 1492 2064 48
1521 2028 1621 2075 sqq.)

229 2082 481 2132 prodierunt,
529 2095 616 2122 cum
658 2084 736 2122 iam
775 2099 849 2134 μρ,
890 2083 962 2132 μλ,
1006 2097 1055 2134 σρ
1089 2084 1265 2133 alioquin
1292 2084 1360 2122 vix
1388 2096 1551 2134 usquam
1579 2085 1622 2124 in

229 2142 510 2182 vocabulorum
529 2144 652 2183 initiis
680 2144 1020 2193 coniungerentur.
1075 2143 1205 2183 Etiam
1234 2144 1374 2183 mirum
1402 2149 1472 2194 est,
1502 2144 1619 2196 quod,

232 2214 318 2241 cum
359 2203 519 2242 nasales
558 2204 685 2243 rarius
733 2216 849 2253 quam
884 2203 1059 2253 liquidae
1108 2205 1358 2244 metathesim
1406 2205 1620 2255 patiantur,

228 2260 426 2300 interdum
467 2263 633 2302 fortasse
674 2275 745 2313 pro
781 2276 804 2299 n
832 2263 1056 2302 adulterino
1098 2264 1163 2302 vel
1198 2276 1252 2307 m,
1297 2262 1401 2313 quod
1440 2265 1620 2304 vocalem

230 2322 486 2373 sequebatur,
522 2323 694 2363 dentalis
722 2324 872 2363 nasalis
901 2323 1129 2373 praeposita
1156 2329 1236 2373 est,
1266 2325 1373 2364 velut
1400 2324 1441 2363 in
1470 2328 1619 2375 κνῆκος

231 2394 301 2431 pro
331 2380 537 2425 *ΙεαῆΙεο-ε,
569 2387 726 2436 κνέφας
755 2396 826 2434 pro
855 2382 1076 2434 *skampaa
1106 2395 1142 2421 v.
1173 2387 1193 2429 ξ
1223 2385 1258 2423 9.
1298 2383 1412 2432 Quod
1440 2383 1620 2434 quamvis

232 2452 253 2479 e
280 2442 498 2481 rationibus
526 2444 807 2493 physiologicis
832 2442 992 2482 difficile
1012 2447 1071 2482 est
1089 2443 1302 2493 intellectu,
1331 2448 1465 2484 tamen
1483 2444 1619 2494 negari
