1808 2965
895 258 941 294 12

231 365 407 410 tempore
427 358 598 398 Graecos
618 372 643 398 a
663 373 722 398 σπ
741 364 780 399 et
799 373 847 399 σκ
876 360 1095 400 litterarum
1122 361 1164 400 in
1191 360 1470 400 vocabulorum
1496 360 1619 402 initiis

231 420 505 461 coniunctione
539 419 754 459 abhorrere
788 421 986 471 coepisse3
1021 421 1062 460 id
1099 421 1203 460 enim
1232 432 1282 460 ex
1310 432 1356 461 eo
1384 419 1616 471 colligimus,

230 480 334 531 quod
368 493 392 518 σ
428 479 637 528 aliquoties
672 480 867 519 abiectum
902 480 1095 520 videmus.
1150 480 1230 520 Sed
1266 480 1371 530 quod
1407 480 1450 519 in
1485 480 1619 520 multis

229 541 318 580 aliis
346 539 541 589 exemplis
571 551 596 578 σ
622 551 703 578 non
731 540 946 589 abiectum,
984 540 1056 580 sed
1083 540 1367 591 transpositum
1395 543 1473 586 est,
1510 543 1552 579 ut
1580 546 1617 589 ψ

231 605 269 641 et
297 601 320 648 ξ
347 599 570 651 prodirent,
607 599 649 638 in
686 611 734 638 ea
761 611 804 639 re
831 600 952 639 aliam
981 599 1180 651 quandam
1208 611 1368 639 causam
1403 599 1616 639 accessisse

229 664 350 711 patet.
406 658 503 698 Cum
539 672 635 699 vero
671 659 751 698 iam
778 660 1020 700 Dietrichius
1047 661 1073 699 l.
1102 661 1128 699 l.
1157 673 1195 711 p.
1225 663 1248 698 4
1284 664 1390 700 recte
1424 659 1618 700 monuerit

229 719 359 760 studio
397 719 642 770 euphoniae,
683 723 726 758 ut
752 719 862 760 cuius
890 720 1000 770 leges
1026 720 1236 771 ambiguae
1263 723 1303 761 et
1328 719 1536 760 instabiles
1562 719 1618 759 fu-

229 781 350 828 erint,
393 793 473 820 non
508 780 671 819 multum
709 779 919 829 explicari,
961 784 1094 820 tamen
1121 780 1265 820 iniuria
1292 780 1343 821 de
1370 780 1618 820 enucleanda

229 853 348 880 causa
376 839 669 890 desperandum
696 839 811 878 nobis
840 851 927 879 esse
956 840 1117 880 censuit.

334 900 436 939 Nam
474 899 506 938 si
542 911 591 938 ca
619 900 820 949 exempla,
858 899 926 938 ubi
954 900 1130 949 liquidae
1157 900 1221 939 vel
1249 900 1408 939 nasales
1436 911 1523 938 cum
1551 911 1617 938 vo-

228 959 379 999 calibus
408 962 706 1007 commutantur,
740 969 845 997 nunc
873 959 1089 1009 excipimus
1115 981 1168 986 —
1196 958 1246 999 de
1273 959 1414 1009 quibus
1441 970 1617 998 seorsum

228 1023 367 1070 agetur
393 1042 457 1065 —‚
486 1018 716 1069 principalis
744 1018 851 1057 haud
879 1018 997 1058 dubie
1025 1022 1064 1059 et
1090 1030 1186 1059 vera
1213 1031 1351 1068 causa,
1381 1031 1459 1069 qua
1485 1017 1546 1068 fit,
1575 1022 1618 1057 ut

226 1081 446 1119 litterarum
476 1078 572 1118 ordo
600 1079 837 1128 immutetur,
866 1079 965 1118 haec
993 1083 1063 1129 est,
1092 1078 1208 1128 quod,
1238 1091 1324 1117 cum
1351 1079 1393 1118 in
1417 1078 1617 1129 loquendo

227 1145 351 1181 totum
391 1139 628 1179 vocabulum
668 1139 709 1178 in
750 1143 882 1179 mente
923 1139 1159 1189 habeamus,
1205 1138 1321 1179 facile
1364 1139 1405 1178 in
1450 1138 1620 1188 singulis-

228 1201 368 1240 litteris
395 1199 700 1250 pronuntiandis
728 1211 1071 1249 properamus,
1105 1200 1161 1238 ita
1187 1202 1229 1237 ut
1257 1211 1375 1238 unam
1403 1200 1468 1238 vel
1497 1199 1616 1238 etiam

227 1260 449 1310 complures
493 1259 647 1299 litteras
692 1258 920 1309 priusquam
967 1259 1154 1299 debemus
1201 1258 1464 1309 proferamus,
1515 1270 1618 1308 quae

227 1324 360 1360 autem
390 1319 590 1359 omisimus
618 1341 669 1346 ——
698 1331 784 1358 cum
813 1332 861 1359 ea
886 1320 928 1359 in
964 1320 1148 1359 vocabuli
1184 1319 1355 1369 imagine
1391 1320 1513 1358 menti
1547 1319 1616 1357 im-

228 1392 366 1431 pressa
402 1392 489 1418 cum
524 1379 604 1418 illis
640 1379 848 1418 coniuncta
884 1379 964 1418 sint
990 1401 1041 1406 —-
1068 1379 1342 1429 adiungamus.
1406 1378 1617 1418 Celeritate

226 1441 345 1490 igitur
364 1438 552 1489 loquendi
580 1437 755 1488 efficitur,
784 1442 837 1485 ut,
868 1439 940 1478 etsi
969 1450 1092 1488 quae
1119 1439 1274 1478 litterae
1297 1438 1615 1488 pronuntiandae

227 1500 305 1539 sint
333 1502 440 1539 recte
468 1498 679 1548 sentiatur,
721 1502 854 1537 tamen
884 1498 967 1538 sive
995 1499 1168 1550 imagine
1195 1498 1375 1538 vocabuli
1403 1498 1531 1537 minus
1559 1497 1615 1536 di-

228 1559 368 1599 stincte
406 1558 539 1598 animo
579 1561 786 1609 concepta,
831 1558 915 1598 sive
955 1559 1137 1609 loquelae
1175 1557 1445 1598 instrument-is
1479 1557 1614 1608 paullo

227 1619 427 1670 impeditis
462 1619 503 1657 in
540 1618 680 1658 ordine
713 1619 932 1658 litterarum
969 1621 1221 1669 peccetur¹⁰);
1258 1619 1362 1668 quod
1395 1618 1502 1656 idem
1529 1629 1615 1656 sex-

227 1679 376 1719 centies
404 1678 444 1717 in
473 1678 588 1718 nobis
616 1678 713 1728 ipsis
740 1678 1059 1719 animadvertere
1085 1679 1196 1725 licet,
1234 1691 1320 1718 cum
1348 1678 1388 1717 in
1416 1676 1614 1727 loquendo

227 1751 413 1779 erramus.
469 1740 527 1777 Ac
562 1739 754 1778 nonnulla
789 1739 1019 1778 metathesis
1053 1751 1222 1789 graecae
1258 1738 1441 1788 exempla
1479 1740 1636 1788 aperte>

226 1798 509 1849 pronuntiandi
538 1810 710 1838 errorum
737 1798 863 1837 instar
889 1799 1048 1848 habent,
1080 1811 1211 1839 eorum
1241 1797 1419 1849 quidem,
1448 1797 1514 1846 qui
1541 1808 1614 1835 usu

228 1864 267 1899 et
296 1858 578 1898 consuetudine
608 1881 659 1886 ——
686 1863 728 1897 ut
761 1858 803 1897 fit
837 1859 877 1897 in
917 1871 1099 1899 sermone
1127 1881 1175 1886 -—
1205 1858 1404 1898 constituti
1444 1860 1534 1897 sunt
1574 1859 1612 1896 et

226 1923 428 1968 tamquam
465 1918 616 1956 sanciti.
672 1919 756 1956 Huc
792 1919 993 1968 pertinent
1029 1918 1266 1969 paucissima
1305 1918 1377 1957 illa
1418 1916 1610 1966 exempla,

226 1980 293 2018 ubi
323 1979 487 2017 duarum
517 1978 760 2028 syllabarum
788 1978 944 2017 litterae
971 1979 1139 2018 invicem
1168 1981 1471 2026 commutantur,
1504 1977 1614 2016 velut

226 2183 321 2214 spuo,
343 2177 409 2213 got.
433 2174 548 2215 speleu
572 2176 634 2204 cet.
658 2172 789 2212 Σκίᾳος
810 2172 960 2212 proxime
983 2171 1110 2203 accedit
1132 2171 1175 2203 ad
1198 2171 1345 2203 scandin.
1368 2172 1478 2213 scafa,
1500 2171 1609 2204 theod.

226 2226 287 2254 vet
312 2222 423 2261 scaba,
448 2231 532 2263 quae
557 2221 642 2254 idem
666 2220 853 2262 significant
874 2222 975 2261 atque
997 2230 1042 2261 gr
1067 2222 1098 2257 ,δι’
1086 2233 1142 2263 φη
1172 2224 1320 2262 (σκιφα);
1343 2220 1436 2254 radix
1459 2221 1610 2254 subiecta

226 2275 276 2304 est
299 2271 383 2313 slcap
408 2271 461 2309 (cf.
483 2272 538 2303 lat.
561 2272 697 2304 scabere
720 2274 805 2310 cet..)

317 2322 353 2356 ¹⁰)
376 2320 497 2352 Nescio
521 2331 564 2353 an
586 2321 672 2353 idem
694 2320 835 2352 voluerit
856 2320 896 2351 A
920 2319 1073 2351 Kiihnius
1103 2319 1154 2351 his
1183 2319 1290 2351 verbis
1313 2319 1345 2358 (l.
1369 2320 1390 2351 l.
1414 2295 1446 2361 p.
1471 2322 1516 2359 9):
1548 2318 1611 2351 Die

225 2380 266 2401 in.
291 2370 349 2402 hat
371 2368 467 2400 ihren
489 2370 594 2411 grund
616 2371 650 2403 in
673 2370 763 2402 einer
785 2378 982 2410 ungenauen
1005 2367 1197 2409 auffassung
1219 2368 1275 2400 (les
1298 2368 1513 2410 lautganzen‚
1543 2367 1610 2400 und

226 2419 313 2451 diese
336 2417 512 2450 wiederum
534 2419 568 2451 in
591 2419 647 2451 der
669 2418 976 2460 geschwindigkeit,
1007 2418 1066 2450 mit
1095 2418 1236 2450 welcher
1266 2418 1323 2450 cler
1344 2418 1429 2459 geist
1450 2427 1514 2450 von
1537 2417 1610 2449 dem

226 2468 391 2500 horbaren
414 2466 550 2500 zeichen
572 2479 646 2501 zum
669 2468 914 2507 bezeichneten,
940 2467 1012 2501 dem
1036 2466 1161 2509 begriffi
1184 2468 1354 2509 iibergeht.
1379 2468 1420 2507 (5²)
