1808 2965
778 908 1006 957 CAPUT
1033 908 1073 957 I.

268 1035 340 1074 DE
368 1032 678 1073 METATHESI
707 1030 919 1071 GRAECA
947 1032 1005 1070 IN
1033 1031 1347 1073 UNIVERSUM
1375 1033 1589 1074 AGITUR.

879 1128 901 1173 ξ
933 1128 966 1165 1.

338 1210 726 1249 Transmutationem
739 1209 957 1249 litterarum
970 1231 1021 1236 -
1032 1221 1150 1259 quam
1165 1210 1283 1260 vulgo
1297 1223 1336 1249 m
1346 1222 1369 1251 e
1377 1215 1392 1251 t
1400 1223 1425 1250 a
1434 1214 1450 1249 t
1459 1211 1485 1250 h
1495 1223 1517 1251 e
1528 1223 1547 1250 s
1557 1211 1570 1249 i
1579 1223 1619 1250 m

235 1275 378 1311 vocant
388 1271 413 1317 ¹)
444 1293 491 1299 —
520 1269 729 1321 aliquoties
755 1269 797 1308 in
824 1269 977 1320 graecis
1003 1269 1208 1310 vocabulis
1235 1270 1381 1311 factam
1416 1282 1505 1311 esse
1539 1270 1619 1310 iam

233 1331 384 1381 antiqui
418 1329 661 1381 grammatici
690 1329 959 1369 observarunt.
1014 1328 1125 1377 Quae
1154 1342 1204 1370 ex
1232 1330 1289 1370 eis
1316 1332 1394 1371 huc
1420 1331 1620 1381 pertinent

234 1390 536 1441 diligentissime
575 1401 622 1429 ac
662 1389 885 1428 doctissime
925 1389 1210 1429 Lobeckius
1253 1389 1295 1429 in
1341 1390 1619 1431 dissertatione

233 1463 306 1490 sua
341 1450 404 1490 ‘de
439 1449 657 1490 metathesi’
692 1449 734 1489 in
770 1448 897 1488 Elem.
925 1448 1078 1488 Pathol.
1106 1449 1126 1488 I
1153 1463 1190 1500 p.
1220 1451 1296 1488 489
1324 1462 1407 1501 sqq.
1444 1451 1617 1501 collegit,

232 1511 288 1550 ita
313 1514 356 1550 ut
382 1510 496 1550 nobis
523 1508 691 1549 eandem
718 1520 800 1548 rem
827 1508 1051 1548 tractaturis
1078 1510 1129 1549 ab
1158 1510 1233 1549 hac
1260 1515 1372 1561 parte
1393 1523 1473 1550 non
1492 1511 1618 1550 multa

232 1570 421 1611 addenda
446 1568 696 1620 reliquerit2).
748 1568 812 1608 Ad
838 1568 995 1609 illorum
1023 1573 1155 1609 autem
1184 1570 1234 1610 de
1260 1570 1336 1610 hac
1361 1582 1405 1611 re
1431 1570 1619 1611 iudicium

233 1630 548 1682 cognoscendum
592 1628 777 1669 notabilis
822 1633 881 1669 est
916 1629 1119 1680 Apollonii
1163 1630 1272 1670 locus
1324 1631 1365 1670 in
1418 1631 1617 1682 prooemio

233 1691 412 1742 syntaxis
440 1702 472 1730 c.
501 1690 554 1740 ΙΙ,
584 1691 627 1739 8,
669 1700 784 1738 quem
819 1688 1042 1729 Lobeckius
1081 1689 1123 1728 in
1162 1689 1290 1730 fronte
1330 1690 1617 1730 dissertationis

233 1751 383 1801 posuit:
413 1757 598 1799 στοιχεῖα
616 1745 916 1800 ὖπερτίθενται
943 1747 1064 1802 ἡνίκα
1083 1745 1108 1800 ἦ
1128 1749 1280 1800 καρδία
1308 1748 1471 1801 κραδία,
1500 1748 1616 1800 παρὰ

232 1810 280 1850 τὸ
310 1813 452 1851 σκέπω
480 1809 526 1849 τὸ
556 1812 712 1855 σκέπος
740 1807 810 1846 καὶ
837 1810 1014 1854 πέσκος·
1043 1805 1144 1846 ἀλλὰ
1164 1809 1232 1848 καὶ
1253 1808 1464 1859 συλλαβαί,
1493 1811 1616 1862 ἡνίκα

233 1870 281 1910 τὸ
310 1869 509 1923 ἐξαπίνης
537 1868 748 1921 ἐξαίφνης,
776 1866 823 1906 τὸ
852 1864 1008 1919 ὄρωρεν
1037 1865 1211 1919 ὤρορεν·
1246 1866 1348 1908 ἀλλὰ
1375 1870 1442 1908 καὶ
1470 1869 1616 1917 λέξεις,

235 1929 303 1971 ὅτε
332 1928 356 1982 ἡ
388 1928 612 1983 οἰνοφόρος
639 1931 689 1980 γῆ
727 1929 944 1978 φερέοινος
978 1926 1160 1978 λέγεται,
1203 1927 1243 1966 οἱ
1285 1928 1329 1967 δὲ
1370 1926 1617 1979 ἀνδρόγυνοι

234 1990 472 2042 γύνανόροι·
513 1987 615 2027 ἀλλὰ
644 1987 713 2026 καὶ
740 1985 856 2037 λόγοι
879 1983 969 2032 (τὰς
995 1987 1070 2035 μὲν
1099 1984 1178 2037 ἄρα
1206 1990 1410 2038 θρέψασα
1437 1987 1616 2027 τεκοῦσά

235 2047 291 2089 τέ
322 2079 331 2089 .
361 2080 370 2088 .
413 2049 489 2094 (eui
534 2049 621 2087 loeo
667 2046 846 2086 conferas
892 2045 1059 2086 similem
1103 2047 1231 2085 locum
1272 2058 1297 2085 a
1332 2047 1429 2086 Lob.
1466 2047 1492 2085 l.
1530 2047 1556 2085 l.
1594 2058 1617 2087 e

233 2109 405 2148 Maximo
424 2107 604 2148 Planude
630 2107 822 2151 allatum).
868 2105 969 2144 Hine
996 2106 1100 2145 enim
1128 2106 1371 2156 perspicitur,
1399 2118 1517 2156 quam
1536 2119 1617 2145 non

320 2241 343 2279 1)
365 2239 441 2271 Alia
463 2241 540 2272 sunt
557 2236 695 2271 *nomina
726 2234 913 2272 ἀντίθεσις,
946 2233 1176 2278 ἀντιστροφῆ,
1201 2234 1449 2279 ὑπερβιβασμός
1472 2240 1548 2277 cet„
1572 2238 1616 2271 cf,

234 2290 316 2323 Lob.
338 2299 370 2331 p.
384 2291 456 2321 490.
490 2288 541 2320 De
563 2286 774 2327 ὑπερθέσεως
795 2286 930 2319 notione
951 2297 981 2319 v.
1002 2285 1091 2319 infra
1115 2287 1137 2328 ξ
1156 2288 1173 2318 2
1196 2289 1277 2318 extr.
1313 2285 1617 2320 Transmutationis

235 2348 354 2373 nomen
374 2337 495 2378 legitur
517 2346 545 2369 e.
568 2347 597 2378 g.
622 2334 758 2377 Quintil.
780 2334 807 2374 Ι,
831 2337 861 2374 5,
887 2338 934 2368 12.

321 2389 347 2427 ²)
369 2386 460 2427 Quae
482 2395 541 2427 ego
572 2395 659 2419 nova
680 2395 698 2418 e
719 2385 959 2425 grammaticis,
993 2384 1158 2427 Hesychio
1181 2384 1405 2427 potissimum,
1438 2385 1614 2425 hauserim,

236 2446 311 2469 cum
331 2437 366 2469 in
387 2435 523 2476 singulis
545 2446 613 2468 non
641 2434 823 2467 notandum
852 2433 1018 2472 duxerim,
1041 2434 1203 2466 Lobeckii
1233 2434 1466 2467 dissertatione
1496 2434 1617 2466 collata

234 2483 464 2528 perspiciatur.
968 2498 970 2501 ·
