1808 2965
893 232 941 269 40

221 331 409 380 Ἐνιπεύς
433 334 501 381 al.)
530 339 664 375 monet
697 335 830 385 itaque
866 332 1071 386 ἀστραλός
1108 335 1226 374 etiam
1265 334 1307 374 in
1348 335 1487 377 suffixo
1526 351 1613 380 cum

226 396 294 435 lat.
323 400 477 432 sturnus
505 406 721 445 congruere
749 395 897 435 statuit.

332 457 393 494 29.
425 457 636 506 στροῦθος
665 454 821 495 Curtius
852 468 891 506 p.
921 458 995 495 650
1024 455 1201 507 Benfeyo
1229 461 1388 495 auctore
1417 468 1505 496 eum
1531 463 1611 508 got.

225 529 378 566 spol-va,
408 514 541 554 theod.
569 527 687 566 sparo
716 516 891 555 contulit.
947 515 1003 556 St.
1034 518 1240 566 στρου-θο
1269 515 1409 556 suffixo
1439 516 1616 557 deminu-

225 576 306 615 tivo
324 579 442 615 aucta
461 587 484 614 e
502 573 701 626 *arpos-0,
732 579 933 626 *oon-f-o
963 581 1002 616 et
1031 590 1090 615 σπ
1116 576 1157 615 in
1186 589 1234 615 στ
1255 587 1371 616 verso
1400 588 1422 616 e
1449 575 1615 629 *σπορ-

224 651 273 675 fo
302 641 388 676 orta
415 635 585 676 videtur.

332 699 393 736 30.
425 694 680 747 δράσσομαι,
712 693 891 748 δράχμη,
922 694 1084 747 δράγμα
1112 696 1217 736 unde
1246 695 1363 735 ducta
1390 696 1488 746 sint,
1517 710 1613 738 non-

226 756 319 795 dum
356 756 453 795 satis
491 760 655 794 constat.
711 754 928 801 Quominus
956 768 1043 794 cum
1071 756 1210 795 Fickio
1238 760 1290 806 (p.
1320 757 1384 801 89)
1413 768 1485 795 scr.
1515 757 1613 795 dar-h

225 817 407 867 figere,
450 815 666 865 affigere
708 819 918 864 cognatum
956 820 1155 865 putemus,
1197 816 1264 856 vel
1300 828 1387 855 cum
1422 816 1513 856 aliis
1540 829 1612 856 scr.

223 877 322 927 yrak
342 877 428 916 sim.
457 876 509 915 ad
538 875 706 915 eandem
736 875 926 925 originem
947 887 1186 925 revocemus,
1214 876 1435 927 impediunt
1453 875 1614 924 formae,

226 948 326 987 quae
358 952 380 975 κ
408 936 577 985 habent,
617 934 719 986 δράξ
745 947 835 985 gen.
865 934 1040 986 δρακ-ός
1067 940 1226 985 manus,
1268 934 1433 987 δάρκες·
1464 935 1615 986 δέσμαι

227 997 400 1048 (proprie
436 996 644 1046 manipuli)
681 996 853 1046 Hesych.
909 995 1038 1043 Quare
1070 996 1224 1036 Curtius
1260 1009 1298 1046 p.
1329 998 1404 1035 449
1439 995 1614 1036 radicem

228 1057 331 1109 δρακ
361 1069 448 1097 esse
476 1056 613 1095 statuit
640 1056 796 1095 collatis
832 1056 970 1095 lituan.
1000 1055 1145 1094 rinlc-tz·
1176 1056 1441 1106 colligere,
1476 1056 1611 1101 ναπΙεὰ,

225 1118 376 1157 sloven.
406 1115 504 1167 νςιΙι-ιι
532 1127 714 1154 manus.
770 1115 884 1162 Quod
912 1116 945 1154 si
972 1121 1078 1156 recte
1105 1116 1249 1155 factum
1278 1120 1349 1165 est,
1379 1120 1511 1155 tamen
1534 1128 1614 1155 non

224 1176 379 1225 dubito,
422 1176 517 1225 quin
554 1175 741 1226 primaria
767 1175 913 1215 radicis
941 1176 1066 1214 forma
1095 1175 1198 1227 δαρκ
1226 1175 1354 1215 fuerit.
1409 1176 1481 1215 Est
1508 1176 1614 1215 enim

224 1241 380 1287 praeter
410 1232 560 1285 δάρκες
588 1235 688 1274 illud
707 1235 837 1273 vocali
856 1235 1031 1284 liquidae
1050 1236 1276 1285 praeposita
1299 1234 1461 1284 δάρχμα
1488 1235 1614 1275 forma

227 1300 385 1336 servata
426 1296 467 1334 in
507 1295 679 1334 dialecto
708 1294 903 1334 Arcadica
945 1296 1073 1334 (inser.
1103 1297 1198 1345 Teg.
1238 1295 1300 1335 ed.
1328 1295 1533 1336 Michaelis
1572 1296 1614 1335 in

224 1357 421 1396 Fleckeis.
451 1357 553 1395 Ann.
579 1357 673 1395 1861
706 1368 744 1405 p.
765 1357 853 1405 585,
883 1368 920 1394 v.
942 1358 990 1395 23
1011 1360 1049 1396 et
1071 1357 1149 1402 30.)
1179 1359 1218 1395 et
1245 1355 1352 1406 apud
1372 1356 1613 1408 Hesychium

226 1415 408 1468 δάρχμη’
455 1414 613 1467 δράχμη
662 1416 816 1465 legitur.
871 1415 956 1455 Hac
1001 1420 1133 1455 autem
1178 1416 1313 1465 glossa
1357 1417 1465 1456 nisus
1512 1418 1614 1457 bene

225 1477 421 1527 Bergkius
465 1474 624 1527 δάρχμη
667 1475 831 1514 formam
873 1476 1053 1527 primitus
1092 1476 1210 1515 etiam
1246 1476 1387 1516 Atticis
1429 1476 1613 1516 usitatam

224 1537 347 1576 fuisse
382 1537 548 1575 coniecit
577 1540 633 1581 et,
671 1548 758 1574 cum
795 1536 1150 1575 innumerabilibus
1185 1536 1281 1574 locis
1317 1537 1424 1585 prior
1456 1537 1614 1587 syllaba

227 1594 385 1648 δράχμη
424 1595 607 1635 vocabuli
643 1598 824 1645 correpta
861 1600 983 1645 esset,
1030 1595 1087 1634 eis
1123 1596 1358 1635 comicorum
1391 1596 1504 1646 locis,
1546 1596 1614 1635 ubi

224 1656 417 1707 producta
450 1654 668 1704 videretur,
705 1655 966 1705 antiquiorem
1001 1656 1111 1694 illam
1139 1656 1302 1695 formam
1330 1656 1612 1696 restituendam

227 1729 314 1757 esse
332 1716 482 1765 statuit,
511 1715 620 1755 velut
638 1715 840 1765 Aristoph.
862 1715 980 1766 Vesp.
1002 1718 1089 1765 689,
1119 1716 1209 1755 Pac.
1235 1719 1345 1765 1200,
1374 1716 1475 1755 Plut.
1500 1719 1611 1756 1020.

226 1777 270 1816 V.
314 1776 515 1815 ‘Zeitschr.
557 1775 581 1814 f.
627 1775 661 1814 d.
700 1776 918 1815 Alterthw.'
964 1778 1061 1815 1835
1104 1789 1142 1826 p.
1172 1778 1247 1815 322
1276 1789 1359 1826 sqq.
1400 1780 1439 1816 et
1479 1777 1526 1815 cf.
1564 1777 1610 1816 G.

205 1835 469 1889 ⁴Dindorfium
495 1836 537 1874 in
566 1835 702 1885 Steph.
731 1835 849 1875 Thes.
878 1848 908 1875 s.
939 1848 975 1874 v.

329 1899 390 1935 31.
422 1895 563 1946 δρέπω
601 1908 687 1934 cum
716 1896 845 1935 Pottio
874 1895 937 1934 11²
964 1899 1041 1935 464
1076 1896 1129 1935 ad
1156 1896 1239 1935 rad.
1269 1897 1341 1934 dar
1377 1898 1432 1943 (in
1462 1896 1609 1946 δέρειν,

225 1956 331 1995 unde
359 1956 478 1995 etiam
509 1953 697 2004 δρύπτω,
726 1956 773 1993 cf.
802 1955 904 1993 infra
932 1957 955 2001 ξ
986 1958 1023 1998 7)
1052 1971 1085 1994 π
1112 1956 1243 1995 littera
1270 1960 1427 1995 auctam
1454 1968 1612 1995 revoca-

222 2016 361 2056 verim.
417 2015 580 2054 Fickius
610 2028 647 2065 p.
682 2017 779 2054 1029
810 2013 969 2065 δόρπον
999 2038 1049 2043 -
1077 2015 1144 2054 ubi
1171 2015 1367 2065 antiquior
1393 2016 1611 2056 litterarum

223 2077 317 2115 ordo
346 2080 526 2115 servatus
555 2075 710 2115 videtur
741 2087 828 2114 esse
855 2096 907 2101 —
936 2079 973 2113 et
1002 2074 1228 2125 δαρδάπτω
1265 2081 1350 2125 (pro
1379 2076 1611 2127 *δαρ-δαρ-

222 2140 328 2183 πτω)
370 2140 475 2175 reete
515 2136 594 2175 illis
636 2134 793 2174 adiecit.
848 2133 962 2181 Quod
1000 2133 1153 2173 Curtius
1180 2135 1205 2173 l.
1235 2135 1260 2173 l.
1289 2135 1462 2175 radicem
1504 2135 1612 2188 δρεπ

222 2197 445 2235 labialismo
474 2208 497 2235 e
526 2195 626 2244 δρακ
665 2195 782 2245 (δαρκ
818 2207 854 2233 v.
892 2208 930 2233 n.
961 2197 1024 2239 30)
1062 2194 1255 2243 prodiisse
1292 2195 1435 2244 voluit,
1479 2194 1610 2234 nescio

221 2269 273 2295 an
302 2268 379 2293 non
408 2255 537 2294 minus
565 2255 774 2305 probabile
801 2253 1002 2302 videatur,
1041 2266 1127 2292 cum
1157 2253 1326 2304 δρέπειν
1354 2255 1511 2305 proprie
1538 2253 1610 2292 for-

221 2320 327 2355 tasse
356 2314 454 2354 sicut
482 2316 618 2355 lituan.
647 2314 770 2352 rinlcti
796 2314 1042 2363 colligere
1070 2314 1358 2364 significaverit.

328 2378 389 2414 32.
422 2375 655 2425 δρωπάζειν
684 2373 1077 2424 circumspicere
1098 2375 1300 2427 (Hesych.)
1318 2376 1482 2415 Fickius
1501 2387 1538 2425 p.
1561 2373 1609 2411 90

222 2448 308 2475 cum
337 2448 409 2476 scr.
445 2435 541 2487 clm-p
572 2436 850 2483 flammare,
895 2434 1070 2482 (lat-pana
1105 2436 1295 2486 oculus,
1337 2435 1470 2477 theod.
1499 2432 1612 2484 zotsc
