1808 2965
907 247 956 284 22

234 350 465 391 metathesis
506 349 612 388 facta
653 349 722 397 sit,
763 353 908 399 necne,
952 360 1001 388 ex
1029 349 1166 399 lingua
1193 348 1395 389 slovenica
1422 348 1474 387 de
1500 349 1626 390 forma

234 411 436 461 primitiva
463 409 562 448 nihil
591 409 779 458 colligere
806 420 879 447 nos
905 420 1042 459 posse;
1071 408 1280 458 aliquoties
1307 412 1438 448 autem
1461 411 1500 446 et
1516 420 1627 457 grae-
1666 441 1670 445 ,

235 481 321 508 cam
350 473 389 508 et
417 468 659 508 slovenicam
687 468 852 507 formam
880 468 1090 507 metathesi
1116 467 1300 507 affectam
1333 480 1421 508 esse
1455 471 1627 507 statuen-

237 529 329 568 dum
359 529 443 569 erit.
703 557 705 559 ,
906 558 909 561 .

341 589 422 629 Sed
440 590 605 638 linguae
620 588 872 638 germanicae
892 592 931 627 et
949 587 1121 636 letticae,
1151 599 1248 637 quas
1266 599 1388 637 saepe
1407 588 1625 628 litterarum

236 648 427 698 ordinem,
457 648 525 687 ubi
551 648 691 698 lingua
710 647 912 688 slovenica
932 659 1019 686 eum
1039 646 1217 697 mutavit,
1246 658 1426 687 servasse
1443 647 1626 699 vidimus,

236 713 369 748 tamen
399 713 438 748 et
465 709 577 759 ipsae
613 708 664 747 ad
705 707 877 757 liquidas
916 706 1221 758 praeponendas
1261 701 1483 757 propensae
1524 712 1626 748 sunt.

236 767 294 807 Of.
323 768 457 807 theod.
487 772 565 807 vet.
593 768 741 805 hraban
761 784 811 796 ===
830 780 966 804 cor-vus
995 766 1098 806 Curt.
1124 769 1208 815 146,
1237 778 1320 816 ags.
1349 766 1504 816 lar-g‘f—
1522 768 1627 819 quod

236 828 398 867 Fickius
426 841 463 878 p.
494 829 543 867 38
572 832 677 867 recte
704 839 791 866 cum
820 838 891 866 scr.
921 825 1003 877 lcrfp,
1032 826 1144 866 zend.
1173 825 1355 874 leem-pm,
1389 827 1457 866 lat.
1487 840 1627 878 corpus

237 888 456 938 composuit
482 910 553 934 ——,
595 892 674 938 got.
716 886 944 937 thrafsljan
980 899 1005 926 a
1038 886 1123 926 rad.
1166 892 1254 938 tar-p
1297 889 1348 934 (v.
1379 891 1400 933 ξ
1428 889 1451 925 4
1480 900 1519 926 n.
1548 889 1626 938 22),

235 948 380 997 yredus
407 967 459 978 —-—-
487 959 560 987 scr.
586 947 757 997 yar-dhas
785 960 809 986 a
837 947 922 986 rad.
949 947 1073 997 yardle
1102 959 1140 985 v.
1169 947 1281 985 Fick.
1309 959 1348 996 p.
1370 949 1431 996 61,
1460 947 1557 994 hlzja
1576 967 1628 999 ξ

237 1019 296 1058 gr.
327 1006 468 1055 καλιά,
498 1008 567 1047 lat.
597 1008 692 1045 cella
721 1007 872 1056 sim.2³),
901 1007 1040 1046 lituan.
1068 1004 1286 1049 strumii-s,
1319 1006 1467 1046 boruss.
1497 1013 1624 1051 treste,

237 1068 382 1107 island.
413 1068 562 1105 thr-distr
581 1088 632 1099 =
651 1080 723 1107 scr.
753 1067 910 1110 tarda-s,
941 1068 1009 1105 lat.
1038 1066 1173 1104 turdus
1199 1079 1236 1105 v.
1265 1066 1377 1105 Fick.
1406 1079 1443 1116 p.
1465 1068 1540 1115 79„
1568 1067 1627 1106 lit.

237 1127 369 1175 srebjc‘z
397 1140 468 1178 pro
496 1126 632 1175 δαν-Μὰ
660 1148 710 1159 =
738 1128 807 1166 lat.
835 1126 972 1164 sorbeo
1001 1130 1074 1166 cet.

343 1188 482 1238 Neque
527 1188 566 1226 in
613 1187 758 1237 linguis
804 1186 951 1227 celticis
1004 1186 1180 1227 eiusdem
1235 1185 1391 1236 generis
1444 1187 1629 1237 exempla

237 1249 533 1297 desiderantur,
572 1248 619 1287 cf.
655 1248 808 1287 hibern.
839 1247 945 1284 eride
963 1267 1014 1278 ·=
1040 1248 1108 1285 lat.
1138 1247 1247 1284 cord·
1281 1259 1338 1296 gr.
1368 1245 1518 1295 καρδία
1554 1251 1627 1286 cet.

238 1313 290 1357 (v.
322 1313 342 1354 ξ
372 1311 395 1346 4
423 1321 462 1347 n.
495 1310 578 1354 12),
624 1308 770 1347 cambr.
814 1307 896 1345 treb
925 1327 975 1338 =
1002 1311 1082 1357 got.
1125 1306 1265 1357 thaurp
1307 1306 1376 1345 lat.
1419 1305 1531 1343 turha
1570 1318 1626 1356 gr.

237 1367 366 1420 τύρβη
407 1367 512 1407 Curt.
550 1369 638 1406 213.
650 1397 660 1417 ,
698 1368 850 1406 hibern.
887 1366 982 1404 bran
1021 1379 1195 1406 corvus
1223 1386 1274 1397 =
1301 1365 1438 1404 lituan.
1487 1365 1627 1403 υὰνηαε

238 1429 389 1468 sloven.
430 1429 552 1465 isram}
588 1427 831 1474 (Schleicher
866 1439 992 1477 comp.
1030 1440 1068 1476 p.
1101 1428 1191 1470 285)
1227 1426 1277 1465 al.
1334 1425 1378 1463 In
1420 1424 1482 1464 his
1523 1425 1627 1464 enim

236 1489 348 1527 nullo
388 1486 526 1535 modo,
569 1486 661 1535 quia
697 1486 799 1526 duae
831 1487 993 1536 linguae
1026 1487 1066 1525 in
1100 1485 1252 1536 liquida
1285 1484 1513 1535 praeposita
1539 1496 1629 1523 con-

239 1547 433 1593 sentiant,
468 1544 619 1583 *vrana
654 1558 724 1596 pro
752 1546 878 1586 forma
905 1546 1091 1596 primaria
1118 1546 1266 1585 habere
1292 1544 1402 1593 licet,
1439 1546 1552 1594 quasi
1586 1544 1628 1583 in

238 1607 380 1647 lituan.
410 1605 551 1644 ven-nas
578 1606 727 1646 vocalis
755 1606 972 1657 anticipata
1010 1606 1079 1657 sit,
1116 1605 1187 1646 sed
1222 1605 1407 1655 quoniam
1436 1604 1511 1644 hoc
1537 1617 1627 1644 raro

238 1668 305 1707 vel
340 1666 458 1706 etiam
495 1678 708 1715 numquam
752 1666 792 1705 in
833 1666 970 1716 lingua
1010 1666 1199 1705 lituanica
1238 1665 1383 1704 factum
1425 1669 1506 1714 est,
1548 1665 1628 1704 iam

238 1725 454 1767 secundum
474 1725 527 1775 id,
557 1725 662 1776 quod
691 1725 741 1766 de
768 1726 915 1777 linguis
945 1726 1102 1766 slavicis
1120 1725 1354 1773 monuimus,
1374 1725 1627 1765 statuendum

238 1790 344 1825 esset
379 1789 418 1824 et
452 1786 687 1824 vocabulum
729 1786 882 1825 hibern.
924 1790 961 1825 et
1002 1787 1152 1825 sloven.
1194 1785 1404 1824 metathesi
1445 1785 1628 1824 affectum

239 1857 327 1885 esse
346 1867 408 1894 -,
439 1844 594 1884 etiamsi
626 1857 699 1884 scr.
719 1858 876 1896 vomu-s
903 1846 1038 1885 color
1073 1858 1153 1884 non
1180 1849 1389 1895 cognatum
1416 1843 1625 1885 videretur.

242 1905 342 1947 (Hoc
370 1904 596 1944 Schleicher
623 1910 824 1956 comparat
853 1905 1090 1945 ‘RirchensL'
1120 1919 1156 1955 p.
1190 1906 1291 1951 125.)

346 1964 465 2015 Apud
485 1965 648 2004 Latinos
678 1977 913 2016 quamquam
941 1965 1148 2015 aliquoties
1175 1965 1393 2004 litterarum
1422 1965 1626 2005 collocatio

239 2029 396 2065 servata
432 2029 511 2074 est,
552 2025 619 2064 ubi
648 2025 790 2065 Graeci
826 2037 913 2064 eam
945 2026 1269 2074 immutaverunt,
1306 2029 1439 2064 tamen
1466 2025 1628 2066 minime

238 2097 327 2124 rara
373 2089 464 2124 sunt
510 2085 694 2135 exempla
740 2085 978 2135 liquidarum
1019 2086 1333 2136 anticipatarum.
1397 2085 1482 2124 Huc
1522 2086 1628 2126 enim

239 2144 455 2194 pertinent:
495 2146 626 2195 ,qravis
667 2158 717 2185 ex
744 2145 944 2196 *qam-225
972 2165 1021 2176 =
1049 2158 1121 2185 scr.
1155 2158 1290 2195 qum-s
1315 2158 1371 2195 gr.
1399 2144 1562 2195 βαρύ-ς,
1591 2159 1628 2184 v.

241 2203 344 2242 Curt.
364 2217 402 2255 p.
424 2206 512 2254 433,
541 2204 664 2244 Dietr.
685 2218 722 2256 p.
746 2207 781 2255 8,
809 2217 971 2255 ymnum
995 2223 1046 2234 =
1064 2209 1143 2256 got.
1164 2204 1288 2243 kaurn
1306 2218 1363 2255 gr.
1382 2206 1497 2257 γῦρις
1522 2205 1626 2245 Ourt.

244 2265 330 2311 167,
359 2269 499 2301 trames
527 2277 551 2303 a
579 2265 663 2304 rad.
694 2271 766 2308 tar,
801 2266 848 2305 cf.
878 2266 1062 2302 ter-minus
1090 2266 1174 2304 sim.
1204 2265 1255 2304 ib.
1286 2267 1379 2313 209,
1410 2266 1526 2303 lutum
1555 2277 1626 2315 pro

326 2403 367 2440 2³)
390 2402 429 2433 L.
445 2401 556 2444 Meyer
579 2403 737 2445 ‘gotische
754 2404 905 2444 sprache'
929 2413 960 2444 p.
978 2406 1038 2435 280
1061 2407 1151 2435 recte
1165 2405 1333 2445 perspexit
1354 2404 1406 2443 lcr,
1429 2415 1481 2448 qr,
1504 2403 1542 2436 kl
1563 2406 1625 2436 cet.

242 2461 340 2492 saepe
363 2462 430 2484 non
454 2452 496 2484 ab
518 2452 609 2485 initio
632 2454 666 2485 in
687 2453 853 2486 frontibus
876 2453 1111 2486 vocabulorum
1134 2454 1316 2494 goticorum
1331 2455 1493 2488 collocata
1510 2453 1623 2486 fuisse.
