1808 2965
889 247 939 283 24

223 374 274 379 -
302 353 406 403 quod
434 355 596 402 propter
622 350 919 401 significationis
938 352 1252 401 congruentiam
1285 348 1610 393 verisimillimum

222 417 283 454 est
299 435 363 463 —‚
391 412 433 450 in
460 411 522 450 his
549 422 704 461 quoque
731 414 945 461 antequam
964 410 1107 451 Graeci
1125 414 1165 451 et
1182 410 1317 450 Latini
1334 410 1611 462 discesserunt,

222 472 453 513 metathesis
499 471 605 511 facta
648 471 825 518 videtur,
879 471 1064 521 quoniam
1117 475 1278 521 propter
1329 472 1611 512 elementorum

221 532 520 573 similitudinem
559 531 631 570 lat.
657 530 792 580 ylaber
826 534 866 570 et
897 530 1012 580 qlubo
1053 530 1207 580 seiungi
1247 531 1315 569 vix
1355 534 1520 582 possunt
1547 530 1609 578 (ef.

223 593 330 633 Ourt.
363 592 515 639 168)²⁶).
583 590 705 631 Aliud
750 591 976 641 exemplum
1020 603 1077 641 gr.
1125 590 1305 642 φλέγ-ω,
1352 591 1421 631 lat.
1456 590 1608 643 stay-ro

221 654 454 703 adiungam,
497 663 599 701 quae
638 650 691 690 ad
727 650 913 701 graecoit.
955 650 1097 700 *bhalq
1124 671 1177 677 —
1202 648 1346 699 *bhlaq
1386 648 1610 690 revocanda

221 718 322 753 sunt.
379 712 443 752 Ad
471 712 699 763 primariam
718 710 862 750 radicis
881 710 1046 750 formam
1066 709 1217 761 *bharq
1236 709 1398 760 propius
1416 710 1610 750 accedunt

222 786 294 814 scr.
331 773 498 823 bharqas
532 770 739 821 splendor,
781 772 849 810 lat.
874 770 1053 821 [νάῃ-ευ,
1095 774 1175 821 got.
1212 769 1360 808 bair-ms
1392 769 1529 821 δῆλος,
1557 792 1609 799 -

221 833 451 875 metathesis
486 831 591 871 facta
626 835 687 871 est
720 831 761 870 in
797 843 870 871 scr.
910 829 1030 881 bhraq'
1057 829 1281 881 splendere,
1309 829 1443 870 theod.
1471 830 1605 874 bliclm,

220 895 358 933 lituan.
401 891 528 941 blizqic
564 895 616 937 (v.
646 891 752 930 Curt.
786 904 823 941 p.
857 893 957 936 177).
1013 890 1162 929 Iniuria
1201 894 1333 930 autem
1373 890 1534 930 Fickius
1569 903 1608 941 p.

224 954 296 990 142
323 951 499 991 radicem
525 950 660 1000 indog.
687 950 806 1000 blm-129
833 950 981 990 statuit.
1036 949 1139 988 Nam
1166 961 1239 989 scr.
1268 948 1405 1000 Μινᾶῥ,
1435 962 1511 999 quo
1537 950 1607 989 ille

221 1012 361 1051 ductus
396 1015 473 1060 est,
514 1010 680 1049 fortasse
714 1010 803 1060 ipsa
831 1009 1021 1061 producta
1047 1009 1176 1048 vocali
1202 1010 1452 1049 metathesim
1478 1008 1609 1060 prodit
1669 1046 1673 1052 ,

222 1072 285 1115 (cf.
312 1071 416 1111 infra
444 1075 464 1116 ἓ
498 1074 578 1120 11),
621 1083 693 1111 scr.
731 1070 897 1120 bkarqas
932 1074 1064 1109 autem
1100 1074 1139 1110 et
1178 1074 1255 1121 got.
1286 1069 1433 1108 bairkts
1459 1070 1528 1109 vix
1554 1068 1608 1110 ad

220 1130 413 1179 radicem,
450 1131 492 1168 in
529 1143 606 1179 qua
641 1128 791 1179 liquida
818 1130 946 1169 vocali
974 1129 1153 1179 primitus
1180 1130 1461 1180 praecedebat,
1497 1142 1608 1170 revo-

221 1190 300 1229 cari
329 1189 555 1239 possuntffl).

304 1366 343 1400 2ὃ)
366 1365 471 1405 Quam
494 1364 623 1396 Pottius
647 1363 687 1396 de
709 1363 798 1395 radd.
828 1364 1034 1407 scalp-sculp
1065 1368 1098 1397 et
1125 1365 1326 1405 γλαφ-γλυφ
1360 1365 1499 1405 protulit
1532 1374 1605 1398 sen-

218 1414 371 1452 tentiam,
404 1423 477 1446 eam
506 1413 576 1444 iure
608 1412 807 1453 improbavit
830 1413 963 1445 Curtius
985 1423 1017 1454 p.
1042 1415 1098 1451 58,
1132 1413 1188 1454 qui
1211 1413 1341 1445 dubitat
1363 1422 1418 1445 eas
1441 1413 1485 1446 ad
1506 1424 1605 1446 unam

218 1463 420 1504 eandemque
454 1461 611 1503 originem
644 1470 809 1494 revocare.
870 1461 934 1495 Sed
973 1461 1186 1506 skalp-slculp
1219 1462 1393 1496 metathesi
1425 1462 1459 1495 in
1492 1462 1607 1506 sklap-

217 1513 317 1555 slclup
330 1512 432 1545 versis
454 1511 552 1543 facile
567 1521 583 1543 s
598 1511 710 1543 littera
732 1511 901 1550 conticuit,
925 1516 959 1544 at
980 1512 1071 1544 haud
1093 1512 1192 1544 dubie
1214 1522 1280 1545 non
1302 1512 1412 1545 subito
1436 1512 1605 1551 conticuit,

221 1562 279 1594 sed
302 1565 400 1593 antea
421 1561 455 1592 in
478 1559 661 1592 molliorem
683 1559 871 1592 sibilantem
885 1562 930 1599 (z)
943 1561 1035 1593 abiit.
1079 1562 1149 1593 Iam
1166 1570 1207 1592 ex
1222 1560 1352 1603 *zklap
1369 1561 1605 1594 assimilatione

217 1611 242 1644 lc
262 1611 393 1644 litterae
416 1609 557 1652 *πρίαμ
579 1608 722 1650 itemque
745 1618 786 1641 ex
808 1609 939 1652 *zlclup
958 1621 969 1641 .·
988 1609 1092 1653 quup
1115 1620 1154 1642 eo
1176 1609 1308 1643 facilius
1330 1610 1463 1652 prodire
1484 1610 1604 1652 potuit,

218 1660 296 1701 quia
319 1661 333 1691 ί
352 1659 569 1700 sequebatur;
602 1658 643 1690 cf.
667 1657 831 1699 γρομφάς
852 1675 893 1686 =
915 1659 972 1691 lat.
994 1660 1112 1701 scrofa
1135 1659 1239 1697 (Curt.
1260 1670 1293 1700 p.
1319 1662 1391 1699 656)
1420 1663 1542 1701 γρῖφος
1563 1676 1605 1688 =

216 1710 273 1741 lat.
297 1709 430 1750 scirpus
452 1710 491 1746 (v.
514 1706 601 1739 infra
624 1708 643 1748 ξ
669 1710 710 1746 7),
733 1705 959 1748 ypzirn=lat
983 1713 1097 1740 scruta
1119 1708 1244 1750 Benfey
1265 1708 1291 1747 Ι,
1315 1710 1371 1740 211
1398 1708 1439 1739 al.
1462 1719 1490 1740 v.
1507 1708 1603 1741 Fick.

218 1758 285 1791 6ΟΥ,
308 1768 340 1790 u.
365 1757 456 1790 Occ.’
478 1756 537 1797 III,
561 1759 632 1789 284.
678 1756 773 1798 Quod
795 1756 912 1789 deinde
943 1757 977 1790 in
998 1767 1046 1799 gr.
1077 1757 1273 1800 γλαφ-γλυφ
1291 1768 1319 1800 p
1343 1757 1525 1799 aspiratum
1554 1760 1605 1791 est

217 1808 299 1841 nihil
312 1808 413 1840 habet
429 1806 629 1846 offensionis,
653 1816 714 1839 nec
734 1807 822 1848 quod
843 1807 878 1839 in
899 1808 957 1840 lat.
980 1808 1123 1850 ylab-er,
1144 1807 1259 1851 ymb-0
1276 1818 1304 1851 p
1326 1808 1360 1840 in
1384 1809 1402 1841 b
1424 1808 1604 1841 emollitum

219 1860 270 1889 est
301 1856 461 1896 analogiis
486 1860 585 1894 caret,
619 1867 647 1887 v.
678 1856 715 1887 L.
748 1857 862 1898 Meyer
889 1867 938 1897 gr.
962 1857 988 1895 Ι,
1011 1860 1061 1888 41.
1086 1876 1124 1879 -
1148 1857 1319 1889 Walterus
1347 1857 1414 1889 KZ.
1443 1857 1518 1895 XII,
1542 1859 1600 1889 381

216 1903 338 1946 γλύφω
374 1909 407 1937 et
438 1905 555 1947 sculpo
590 1905 774 1946 componit,
808 1905 866 1938 sed
894 1906 952 1937 lat.
982 1906 1083 1948 qlubo
1106 1906 1242 1947 propius
1265 1906 1308 1938 ad
1328 1915 1377 1946 gr.
1400 1905 1527 1947 κελυφή
1549 1908 1603 1945 (=

217 1954 360 1992 ‘sclzale')
395 1954 553 1987 accedere
586 1956 698 1995 putat,
731 1958 763 1986 et
796 1958 886 1987 recte
918 1959 1054 1996 propter
1086 1954 1367 1996 significationem.
1418 1955 1471 1987 Ad
1504 1955 1603 1996 origi-

215 2005 383 2036 nationem
405 2005 469 2036 hoc
493 2003 575 2035 nihil
597 2003 722 2041 differt,
754 2003 908 2044 quoniam
930 2003 1050 2045 κελυφὴ
1080 2014 1121 2036 ex
1142 2004 1256 2036 eadem
1278 2004 1347 2036 rad.
1372 2003 1471 2047 skulp
1494 2007 1603 2037 ortum

216 2054 352 2086 videtur.
377 2072 415 2077 —-
439 2053 547 2084 Aliter
570 2052 816 2085 Grassmannus
840 2052 907 2084 KZ.
930 2052 1003 2091 XII,
1028 2056 1066 2085 89
1091 2053 1131 2084 de
1153 2053 1203 2085 his
1225 2053 1318 2085 radd.
1340 2052 1507 2086 iudicavit.

301 2105 339 2138 ²⁷)
365 2103 446 2135 Cum
468 2102 539 2135 rad.
564 2102 672 2145 bkarq
694 2102 847 2144 primitus
870 2102 1064 2142 splendendi
1086 2102 1252 2134 notionem
1267 2102 1424 2135 habuisse
1443 2103 1601 2141 videatur,

217 2153 305 2193 apud
317 2153 544 2185 Graecoitalos
567 2151 760 2184 metathesis
783 2152 830 2183 ita
848 2151 939 2183 facta
953 2155 1013 2189 est,
1036 2155 1073 2183 ut
1087 2151 1194 2183 forma
1207 2155 1428 2184 transmutata
1440 2152 1603 2193 flagrandi

217 2203 383 2235 notionem
406 2202 595 2241 ascisceret,
618 2211 692 2234 cum
715 2201 881 2243 antiquior
903 2200 1010 2233 forma
1031 2200 1065 2232 in
1081 2200 1137 2232 lat.
1151 2199 1271 2243 fulqeo
1287 2206 1415 2234 servata
1429 2201 1602 2244 pristinam

215 2252 280 2283 vim
302 2253 466 2284 retineret.
510 2251 626 2292 ltaque
649 2251 745 2283 etiam
773 2251 1022 2292 significationis
1054 2251 1285 2292 congruentia,
1316 2261 1400 2293 quae
1429 2252 1515 2284 inter
1542 2251 1599 2282 lat.

212 2300 325 2343 slaqro
348 2304 380 2332 et
401 2310 447 2340 gr.
472 2301 599 2342 φλέγω,
626 2300 781 2341 φλεγὲθω
812 2300 987 2332 intercedit
1010 2318 1048 2322 -—
1072 2300 1154 2332 haec
1188 2300 1272 2332 enim
1302 2301 1434 2343 proprie
1463 2311 1503 2333 ac
1532 2299 1601 2332 fere

215 2359 345 2391 semper
377 2349 598 2390 flagrandi
632 2350 797 2383 notionem
835 2350 957 2382 habent
990 2368 1031 2372 -
1061 2349 1247 2382 testimonio
1281 2355 1333 2383 est
1364 2351 1398 2383 in
1430 2350 1600 2390 utriusque

215 2399 347 2439 linguae
376 2398 544 2431 vocabulis
568 2400 773 2432 metathesim
797 2400 839 2432 ad
862 2399 997 2432 eandem
1022 2398 1178 2438 originem
1201 2399 1314 2432 redire.
1339 2420 1378 2424 --
1402 2400 1452 2433 De
1476 2399 1600 2440 φλέγος

215 2457 294 2480 voce
316 2459 343 2479 v.
369 2449 387 2488 ς’
413 2451 430 2479 5
455 2458 485 2479 n.
512 2451 561 2480 66.
