1808 2965
882 243 930 280 28

316 345 400 384 Hoc
426 349 557 385 autem
585 344 682 384 mihi
710 348 863 385 constat
889 346 1062 386 maxime
1087 345 1129 385 in
1156 345 1327 396 antiquis
1354 344 1489 386 formis
1507 360 1597 388 nus·
1638 369 1643 374 ·

208 416 325 453 quam
353 404 549 444 incautius
577 405 651 444 hoc
674 405 904 445 metathesis
921 417 1046 456 genus
1065 405 1316 445 statuendum
1336 417 1433 455 esse,
1461 408 1595 447 tamen

207 465 259 504 ab
285 465 413 504 altera
439 469 553 515 parte
580 464 813 515 cavendum,
844 478 894 506 ne
921 465 1084 505 nimium
1111 477 1314 516 negemus,
1342 465 1526 516 quoniam
1552 466 1595 506 in

207 524 353 564 talibus
389 525 506 565 rebus
541 524 602 575 fit,
644 529 687 565 ut
713 525 874 577 linguae
901 538 1028 577 pauca
1054 525 1345 577 tantummodo,
1388 538 1436 566 ea
1462 529 1594 565 autem

207 588 315 623 certa
342 586 526 635 exempla
553 586 785 636 praebeant.

313 644 360 683 Id
387 644 427 684 in
456 645 633 696 linguam
660 646 826 685 latinam
854 645 972 693 cadit,
1006 658 1027 686 e
1056 658 1132 696 qua
1160 650 1316 698 praeter
1345 647 1491 690 tertius,
1521 651 1591 689 ter,

207 705 325 748 terni,
365 718 466 755 quae
493 706 659 746 fortasse
686 707 762 745 huc
789 706 1007 756 pertinent,
1037 707 1136 747 haec
1163 710 1314 746 tantum
1341 706 1383 745 in
1410 711 1593 757 promptu

205 765 403 813 habeo³⁴):

311 827 449 863 Pulmo
479 846 528 858 =
556 839 612 876 gr.
641 824 835 875 πνεύμων
863 849 915 853 ——
944 825 1157 875 πλεύμων,
1198 827 1245 866 cf.
1283 827 1415 867 theod.
1439 827 1594 877 fnelztm

206 887 357 925 sloven.
379 884 503 932 platta·
531 889 603 924 cet.
634 885 737 924 Gurt.
765 886 827 925 Et.
856 900 893 937 p.
924 887 1010 926 262.
1040 886 1123 925 KZ.
1153 886 1266 935 XIII,
1296 888 1392 937 3693

310 944 612 992 barchisillabus,
641 958 678 984 v.
708 945 880 985 Schmitz
907 946 1004 986 Mus.
1035 947 1161 986 Rhen.
1191 946 1342 996 XVIII,
1377 948 1461 984 147.

312 1006 372 1045 De
399 1005 488 1045 aliis
517 1006 709 1056 exemplis
745 1006 919 1046 dubitari
953 1011 1093 1057 potest.
1121 1028 1174 1034 —
1201 1007 1263 1045 Ex
1303 1007 1359 1046 eis
1400 1010 1460 1045 est
1500 1017 1592 1043 caro

205 1066 453 1104 vocabulum.
509 1065 698 1113 Quamvis
726 1066 830 1105 enim
858 1065 899 1105 in
927 1067 1109 1107 omnibus
1136 1067 1270 1106 formis
1297 1066 1474 1117 cognatis
1506 1070 1592 1110 (scr.

206 1124 401 1176 manvja-s,
445 1138 500 1175 gr.
530 1129 655 1177 κρέας
684 1130 756 1166 cet.
785 1139 821 1165 v.
852 1125 956 1165 Curt.
991 1129 1077 1170 147)
1112 1140 1135 1164 r
1169 1128 1347 1167 vocalem
1383 1124 1592 1166 antecedat

203 1198 276 1225 nec
304 1186 433 1225 minus
461 1186 598 1230 inlat.
628 1199 764 1229 cruor,
803 1190 939 1226 tamen
966 1187 1099 1226 nescio
1127 1200 1179 1226 an
1206 1187 1247 1226 in
1274 1187 1336 1227 his
1364 1185 1593 1226 metathesis

202 1246 307 1285 facta
335 1245 397 1290 sit,
428 1250 565 1285 contra
591 1247 661 1285 lat.
690 1259 782 1284 caro
811 1246 850 1297 (e
869 1245 1060 1285 *car-von·
1087 1260 1124 1287 v.
1142 1246 1246 1287 Curt.
1266 1247 1355 1292 1.1.)
1383 1244 1589 1297 pristinum

201 1307 422 1346 litterarum
451 1306 630 1346 ordinem
658 1308 885 1347 servaverit.
914 1329 966 1334 —
998 1307 1234 1346 Coreodillus
1254 1327 1304 1338 ε
1324 1304 1591 1358 κροκόδειλος

204 1372 256 1414 (v.
294 1367 553 1406 Ritschelium
589 1380 627 1417 p.
658 1369 748 1414 536)
788 1367 955 1407 fortasse
995 1367 1046 1406 ad
1088 1365 1383 1418 *κορκόόειλος
1424 1366 1590 1405 formam

202 1427 464 1476 antiquiorem
506 1426 627 1476 redit,
670 1427 777 1466 unde
818 1425 1081 1476 κερκύδειλος
1120 1427 1246 1466 forma
1279 1430 1329 1473 (v.
1357 1428 1403 1465 E.
1432 1427 1495 1474 Μ.,
1524 1425 1592 1464 ubi

201 1492 334 1527 tamen
377 1486 426 1526 de
467 1486 660 1537 scriptura
699 1499 779 1526 non
821 1489 988 1533 constat)
1035 1487 1147 1527 salvo
1191 1487 1409 1526 litterarum
1455 1485 1593 1526 ordine
1648 1494 1651 1497 ⁴

202 1547 376 1596 fluxerit3
406 1546 467 1585 cui
487 1546 662 1585 conferre
681 1547 775 1586 licet
793 1559 927 1597 neogr.
949 1545 1255 1596 σκορκόόειλος,
1283 1559 1320 1585 v.
1340 1546 1590 1585 Protodicum

198 1604 354 1644 Ἴόιωτ.
384 1620 418 1643 τ.
450 1620 565 1644 νεωτ.
591 1602 739 1657 Ἑλλην.
769 1604 959 1658 γλώσσης
978 1619 1016 1656 p.
1038 1606 1149 1652 68³⁵).
1196 1607 1348 1645 Tamen
1367 1605 1474 1655 origo
1495 1619 1592 1655 κρο-

202 1665 394 1711 κόδειλος
433 1665 542 1704 vocis
583 1664 714 1704 adhuc
755 1665 876 1705 dubia
920 1670 990 1705 est.
1020 1688 1070 1692 —
1102 1667 1384 1703 Tar-sumemus
1409 1685 1461 1695 =
1492 1665 1591 1702 Tra-

199 1738 401 1764 sumennus
447 1729 498 1770 (v.
540 1724 703 1772 Quintil.
747 1726 776 1774 Ι,
820 1729 854 1775 5,
901 1729 961 1773 13)
1008 1726 1246 1766 Dietrichius
1290 1739 1327 1776 p.
1369 1728 1392 1765 6
1438 1724 1591 1764 collatis

207 1787 390 1830 Tarsa-us,
437 1789 645 1838 Τυρσηνοί
687 1790 758 1826 cet.
802 1800 872 1837 pro
913 1787 1038 1827 forma
1083 1787 1318 1838 primigenia
1361 1786 1501 1836 habet3
1543 1785 1591 1825 cf.

203 1846 438 1886 Corssenum
480 1846 561 1884 KZ.
599 1845 672 1894 ΙΙΙ,
716 1849 791 1885 270
828 1859 912 1897 sqq.
941 1869 993 1873 —
1021 1848 1082 1886 De
1123 1847 1266 1884 bardus
1311 1850 1350 1885 et
1395 1846 1588 1896 tarpezita

201 1907 405 1945 vocabulis
433 1907 479 1945 cf.
509 1906 613 1944 infra
641 1907 663 1952 ξ
693 1908 728 1944 8.

306 1966 474 2015 Reliqua
517 1966 718 2015 exempla,
767 1976 867 2014 quae
899 1965 1136 2004 Dietrichius
1179 1966 1220 2003 in
1261 1964 1589 2004 commentatione

285 2099 325 2137 ³³⁸)
351 2098 473 2131 Omitto
516 2098 738 2140 posteriorum
778 2101 964 2139 temporum
1006 2098 1150 2139 linguam
1187 2098 1374 2138 vulgarem,
1411 2097 1453 2130 ad
1492 2107 1590 2138 quam

199 2147 364 2181 Feborari
383 2157 444 2189 pro
467 2148 637 2181 Februarz'
656 2147 813 2187 (Corssen
834 2147 860 2186 I,
886 2150 957 2185 247)
981 2150 1013 2179 et
1034 2147 1099 2179 alia
1120 2147 1295 2188 pertinent.

284 2199 324 2233 ³⁵)
350 2196 581 2239 σκορκόδειλος
603 2194 691 2232 εἶδος
714 2195 841 2238 σαύρας
863 2194 968 2230 οὕτως
998 2196 1289 2239 ἐπονομαζομένης
1315 2195 1351 2229 ἐν
1382 2195 1485 2239 Πάρῳ
1500 2196 1589 2228 διότι

200 2246 285 2278 κατὰ
307 2247 419 2279 πάντα
443 2247 593 2290 ὁμοιάζει
615 2248 658 2289 μὲ
681 2247 741 2279 τὸν
771 2246 993 2290 κροκόδειλον.
1038 2246 1103 2279 Sed
1137 2247 1207 2279 vice
1239 2256 1334 2279 versa
1365 2247 1429 2280 hoc
1455 2246 1587 2279 nomine

199 2297 342 2338 primum
362 2298 488 2329 lacerta
511 2298 601 2329 dicta
622 2298 770 2336 videtur,
792 2297 869 2328 inde
896 2299 1005 2328 autem
1027 2305 1146 2327 nomen
1168 2297 1364 2328 translatum
1385 2296 1427 2328 ad
1447 2295 1589 2328 bestiam

198 2345 405 2388 Aegyptiam.
440 2346 481 2378 V.
497 2346 610 2387 Steph.
631 2346 729 2378 Thes.
754 2356 777 2378 s.
798 2357 826 2377 v.
844 2349 877 2377 et
900 2344 940 2377 cf.
964 2344 1149 2387 Benfeyum
1172 2345 1214 2384 ΙΙ,
1237 2347 1307 2385 286,
1332 2345 1387 2386 qui
1408 2347 1498 2376 recte
1518 2342 1587 2376 for-

201 2400 289 2429 tasse
312 2397 487 2435 καρκῖνος,
526 2405 590 2428 scr.
624 2394 772 2434 lcarlcata
806 2395 877 2428 sim.
913 2394 1061 2427 contulit.
1105 2394 1225 2427 Nescio
1248 2404 1290 2426 an
1322 2394 1469 2435 proxime
1499 2393 1587 2426 absit

199 2446 326 2486 κέρκο-ς
350 2444 486 2477 cauda
509 2453 538 2478 {e
560 2445 627 2476 rad.
651 2444 726 2483 ficar,
748 2456 776 2477 v.
800 2445 891 2476 Curt.
921 2447 1000 2481 150).
