1808 2965
909 240 958 277 30

233 340 311 380 lus
340 343 498 380 servata
525 344 576 385 (v.
606 339 711 380 Curt.
732 343 835 391 210),
863 340 970 381 unde
997 342 1115 382 etiam
1143 341 1225 382 rad.
1255 342 1491 383 secundaria
1518 349 1621 397 tra-p

232 400 275 439 in
303 413 374 440 sor.
396 402 567 451 trop-ati,
597 402 665 440 lat.
695 403 884 452 trep-idus
912 407 984 442 eet.
1014 406 1065 450 (v.
1086 403 1197 442 Fiek.
1218 416 1255 453 p.
1278 405 1362 454 82);
1390 403 1475 442 rad.
1493 404 1622 455 pla-lc,

235 460 340 500 unde
368 472 424 511 gr.
454 459 700 513 ffkvq‘oowffl),
742 462 810 502 lat.
845 463 1007 514 plango,
1049 462 1188 502 lituan.
1223 462 1343 515 piola>
1370 464 1423 504 al.
1451 476 1488 502 v.
1517 461 1623 503 Ourt.

237 523 332 570 260,
376 533 397 561 e
425 522 612 572 primaria
638 523 722 563 rad.
749 524 818 574 pal
845 524 992 575 (spru),
1035 536 1136 573 quae
1170 524 1273 563 inest
1305 524 1348 563 in
1382 526 1450 564 lat.
1476 524 1622 575 pellere

235 585 330 630 eet.;
358 581 442 621 rad.
462 581 567 632 Ida-p
587 604 637 609 —-
657 582 762 634 lde-p
790 584 831 622 in
858 595 915 633 gr.
936 583 1110 631 κλέπτω,
1139 584 1207 622 lat.
1228 584 1346 634 clepo,
1375 589 1454 634 got.
1474 583 1620 634 hlfflus,

236 652 352 690 quam
381 641 555 681 radicem
585 654 606 681 e
633 642 701 680 lcal
726 642 781 685 (in
810 643 878 681 lat.
898 643 1043 681 cel-are
1061 645 1149 690 eet.)
1180 643 1334 683 ductam
1361 655 1449 684 esse
1468 643 1623 683 Curtius

235 713 273 750 p.
305 703 349 739 61
383 701 484 740 vidit
513 723 563 729 —
591 700 726 747 eet.³⁸).
1451 706 1453 708 ’

341 760 465 799 Multo
492 765 622 801 autem
651 762 785 812 plures
818 762 975 801 illarum
1016 761 1191 801 radicum
1231 762 1425 813 separatis
1466 762 1623 803 demum

236 818 383 868 linguis
418 821 626 861 metathesi
660 822 890 862 immutatae
925 826 1033 868 sunt,
1075 822 1184 861 velut
1219 821 1303 861 rad.
1341 824 1454 858 *cars
1479 822 1520 860 in
1548 835 1623 862 ser.

237 882 392 916 tras-ati
418 892 474 930 gr.
503 883 648 932 τρέ-ω;
687 882 793 933 quod
833 882 939 923 enim
981 894 1101 933 supra
1142 881 1191 921 de
1231 881 1293 921 his
1334 880 1504 921 diximus
1544 882 1623 922 iam

236 937 486 979 confirmatur
514 953 580 987 eo,
614 943 718 993 quod
744 944 816 983 illa
843 943 957 983 radix
983 941 1091 981 haud
1119 941 1239 982 dubie
1266 955 1345 981 una
1372 954 1459 981 eum
1486 942 1625 983 radici-

235 998 308 1038 bus
328 1005 454 1043 ινα-7η,
485 1007 589 1052 cra-p
617 1002 670 1041 ad
697 1003 864 1043 eandem
884 1002 1111 1053 primariam
1138 1002 1313 1042 radicem
1341 1007 1403 1039 tar·
1429 1002 1543 1050 redit,
1572 1002 1624 1043 ad

237 1071 353 1108 quam
383 1060 502 1099 etiam
530 1062 644 1101 radix
673 1062 777 1100 tar-lc
813 1064 868 1107 (in
896 1064 964 1102 lat.
994 1069 1173 1113 torqueo,
1216 1074 1273 1112 gr.
1301 1065 1441 1113 τρέπω
1470 1067 1555 1113 eet„
1585 1076 1622 1102 v.

236 1120 259 1165 ξ
288 1122 311 1157 4
340 1133 378 1158 n.
409 1122 473 1167 20)
501 1122 727 1161 revocanda
756 1124 875 1168 estffl).
1493 1152 1495 1154 -

341 1178 468 1226 Quam
496 1181 761 1220 necessarium
790 1183 839 1221 sit
857 1193 1013 1232 semper
1032 1182 1150 1221 etiam
1171 1181 1245 1220 hoo
1264 1193 1463 1231 quaerere,
1482 1177 1622 1221 ‘utrum

235 1238 349 1277 radix
377 1240 565 1289 primaria
599 1253 651 1279 an
687 1242 923 1281 secundaria
957 1242 1075 1281 alicui
1114 1242 1306 1280 vocabulo
1347 1241 1523 1281 subiecta
1562 1242 1623 1291 sit,

235 1298 354 1337 valde
382 1299 631 1349 perspicuum
660 1306 719 1340 est
746 1301 788 1340 in
816 1300 1077 1352 καρπάλιμος
1106 1302 1260 1340 collatis
1297 1300 1498 1352 κραιπνός
1539 1306 1624 1352 (pro

237 1361 539 1408 *κραπ-ινο-ς),
569 1364 649 1409 got.
678 1360 819 1408 klaupa
848 1361 905 1400 lit.
934 1360 1072 1412 kryptz'
1096 1365 1168 1400 eet.
1199 1364 1250 1404 (v.
1278 1360 1380 1399 infra
1399 1362 1422 1408 ξ
1443 1364 1465 1399 4
1485 1375 1524 1400 n.
1549 1364 1624 1407 14).

236 1417 333 1456 Cum
375 1418 479 1457 enim
523 1419 607 1457 rad.
643 1422 741 1471 lcarp
771 1443 822 1448 —
848 1420 947 1472 lerap
977 1420 1110 1471 (les-up,
1149 1420 1252 1471 ster-ip)
1298 1420 1351 1459 ad
1396 1421 1624 1470 primariam

234 1477 317 1516 rad.
348 1477 450 1516 *kar
478 1478 532 1525 (in
560 1479 628 1518 lat.
649 1482 833 1523 car-rere,
863 1493 935 1520 ser.
955 1479 1046 1528 lc'ar)
1074 1479 1223 1530 redeat,
1253 1480 1331 1519 iam
1360 1480 1444 1520 sine
1473 1480 1626 1521 dubita-

235 1538 343 1577 tione
384 1542 601 1578 statuemus
642 1540 683 1578 in
723 1554 803 1579 una
845 1541 970 1580 forma
1012 1538 1274 1590 καρπάλιμος
1315 1540 1521 1589 pristinum
1563 1541 1624 1580 lit-

238 1601 407 1637 terarum
454 1599 632 1638 ordinem
678 1604 894 1649 servatum,
941 1601 982 1639 in
1028 1600 1167 1640 ceteris
1214 1599 1393 1639 omnibus
1433 1600 1625 1650 liquidam

236 1657 493 1707 anticipatam
522 1671 620 1698 esse.

341 1717 426 1757 Hae
453 1718 572 1769 igitur
598 1719 750 1759 ratione
779 1720 1029 1770 saepissime,
1058 1731 1145 1758 eum
1174 1718 1342 1758 eandem
1378 1718 1626 1759 metathesim

235 1790 308 1816 usu
335 1778 494 1818 venisse
522 1779 611 1819 aliis
640 1780 689 1819 de
718 1781 846 1819 causis
874 1780 1170 1830 suspicabimur,
1200 1779 1242 1818 id
1269 1779 1445 1818 radicum
1473 1780 1624 1829 origine

240 1838 397 1886 cognita
415 1837 569 1878 firmare
589 1840 813 1889 poterimus,
843 1841 951 1879 velut
970 1840 1011 1878 in
1040 1842 1206 1889 κρέκ-ω,
1238 1842 1413 1889 κρίκ-ος,
1442 1838 1624 1887 κρατ-ύς,

323 1952 362 1988 37)
387 1952 482 1992 Quod
514 1952 548 1983 in
580 1952 746 1993 plerisque
780 1953 876 1985 huius
906 1954 997 1985 verbi
1027 1952 1142 1985 formis
1167 1970 1204 1974 —
1229 1961 1295 1983 non
1318 1955 1427 1984 tamen
1449 1952 1482 1984 in
1505 1961 1572 1984 aor.
1596 1952 1625 1984 ε’-

236 2000 381 2042 πλάγ-ην
396 2006 428 2033 et
444 2002 513 2034 sim.
526 2021 566 2025 —
579 2002 742 2043 producta
757 2003 880 2035 vocalis
893 2006 952 2042 est,
975 2013 1041 2035 non
1064 2002 1166 2043 magis
1189 2001 1231 2033 ad
1250 2001 1456 2033 metathesim
1472 2001 1626 2043 pertinet,

236 2061 335 2092 quam
358 2052 555 2092 interposita
577 2052 700 2084 nasalis
723 2052 757 2084 in
778 2053 835 2084 lat.
852 2052 983 2095 planyO
1007 2052 1076 2084 sim.
1121 2051 1222 2083 Vides
1245 2051 1331 2083 enim
1354 2060 1483 2092 semper
1504 2052 1537 2083 in
1560 2052 1624 2085 hoc

235 2109 353 2140 genere
375 2101 521 2132 vocalem
544 2105 732 2141 correptam
756 2101 890 2133 servari.

321 2150 360 2186 ³⁸)
384 2149 471 2190 Quin
493 2150 527 2181 in
550 2149 710 2182 eiusmodi
732 2150 899 2183 radicibus
922 2150 1049 2182 formae
1071 2149 1104 2180 in
1126 2149 1283 2191 liquidam
1305 2149 1500 2182 terminatae
1511 2149 1625 2191 primi-

238 2198 322 2231 tivae
355 2199 437 2239 sint,
469 2200 615 2232 dubitari
643 2200 775 2233 omnino
799 2199 922 2242 nequit.
969 2199 1110 2232 Prorsus
1140 2198 1400 2241 improbabiliter
1421 2209 1449 2232 e.
1472 2210 1503 2241 g.
1527 2200 1626 2233 Cors-

238 2257 335 2279 senus
357 2249 398 2286 11,
424 2252 484 2281 384
514 2249 658 2281 radicem
690 2250 747 2281 bal
774 2250 807 2281 in
837 2250 893 2281 lat.
918 2249 1048 2281 bal-are
1070 2249 1344 2280 transmutatione
1367 2258 1407 2280 ex
1429 2249 1484 2281 bla
1507 2250 1554 2286 (in
1574 2259 1623 2290 gr.

236 2296 353 2338 βλη·χη’
378 2300 452 2337 cet.)
475 2301 582 2330 ortam
597 2307 669 2331 esse
687 2298 892 2331 dicit—De
914 2296 1063 2330 radicum
1087 2296 1377 2330 ‘determinatione'
1400 2307 1507 2339 nuper
1529 2298 1625 2331 docte

236 2346 368 2379 —licet
392 2347 425 2379 in
449 2348 644 2389 quibusdam
666 2348 774 2381 minus
796 2347 1011 2390 probabiliter
1028 2346 1218 2380 —Fickius
1240 2347 1314 2389 egit.
1336 2348 1397 2380 lex.
1421 2358 1453 2389 p.
1478 2350 1538 2381 968
1554 2358 1624 2390 sqq.

321 2398 362 2437 39)
386 2397 436 2430 De
467 2398 635 2431 radicibus
668 2397 890 2437 secundariis,
925 2406 1009 2438 quae
1032 2396 1074 2429 ad
1096 2396 1284 2438 primariam
1306 2398 1375 2431 rad.
1401 2401 1454 2430 tar
1476 2398 1625 2438 redeunt,

239 2447 279 2479 cf.
306 2448 395 2480 Curt.
420 2447 474 2479 Et.
500 2458 531 2489 p.
557 2451 628 2486 210,
652 2449 730 2480 ‘Zur
753 2447 910 2481 Chronol.
936 2447 964 2479 d.
987 2446 1096 2488 indog.
1122 2447 1277 2489 sprachf.'
1301 2459 1333 2490 p.
1358 2450 1429 2481 209.
