1808 2965
892 255 940 292 43

230 357 409 398 Fickium
440 357 515 399 ⁴012
542 371 578 396 u.
606 356 706 397 Occ.’
734 357 795 396 III
826 361 910 406 107,
938 358 1016 398 lex.
1044 370 1082 408 p.
1106 358 1178 396 119
1208 361 1247 397 et
1278 358 1362 396 120.
1408 355 1441 395 E
1470 353 1609 406 quibus

227 419 432 459 vocabulis
468 416 642 467 περκός,
679 416 879 469 περκνός,
914 416 1107 468 περκάζω
1143 418 1338 468 integram
1365 416 1610 457 retinuerunt

230 479 447 520 litterarum
466 478 776 528 collocationem,
801 478 847 517 cf.
864 490 936 518 scr.
949 479 1076 529 prqm',
1105 478 1243 517 lituan.
1260 478 1428 529 palmas,
1458 477 1609 516 sloven.

228 539 375 590 pelesvl.
429 538 592 578 Accedit
618 537 800 589 πόρκ-ας
829 541 922 584 (acc.
951 539 1006 589 pl.
1034 551 1105 589 pro
1133 538 1238 587 vulg.
1267 536 1484 589 πρόκ-ας)·
1514 535 1609 576 ἐλά-

230 613 337 652 φους
358 595 382 650 ἢ
402 605 540 648 ταχεῖς
559 599 730 651 Hesych.
767 598 1033 649 Anticipatum
1052 603 1183 638 autem
1199 613 1221 648 ρ
1241 598 1391 637 habent
1409 600 1608 648 πρακ-νίς

230 659 357 698 ficus
378 678 426 689 =
446 671 518 699 scr.
542 661 664 711 prgmi,
695 672 770 710 quo
797 659 956 699 nomine
975 659 1167 698 fructuum
1186 658 1338 709 species
1356 657 1608 708 significatur,

229 717 357 769 πρόξ,
403 718 582 770 προκάς,
628 731 882 759 cervorum
928 720 1145 770 species,
1192 717 1393 769 πρακνόν·
1438 718 1606 768 μέλανα,

227 777 427 828 πρεκνόν·
453 778 745 830 ποικιλόχροον
774 779 929 831 ἔλαφον
956 780 1127 831 Hesych.
1182 778 1238 818 Cf.
1268 778 1371 818 Curt.
1399 791 1437 828 p.
1466 780 1555 817 258.

334 840 395 878 37.
424 843 550 889 προτί
585 838 742 891 (πρός),
784 852 872 879 cum
905 840 1042 890 lingua
1076 839 1230 879 Graeca
1258 839 1337 877 iam
1363 838 1403 876 in
1431 838 1609 888 singulas

229 897 418 939 dialectos
454 899 718 950 discessisset,
760 912 809 939 cx
844 901 1064 950 antiquiore
1097 900 1223 939 forma
1254 901 1398 949 πορτί,
1441 911 1541 949 quae
1568 898 1610 937 in

229 958 398 998 dialecto
435 959 588 999 Cretica
629 963 679 1006 (v.
707 959 815 1010 Hey,
851 960 902 999 de
937 960 1030 999 dial.
1060 959 1162 999 Cret.
1191 972 1228 1009 p.
1257 960 1321 1005 52)
1367 959 1608 1008 servabatur,

228 1018 421 1068 prodiisse
443 1019 610 1068 videtur,
638 1031 718 1058 non
745 1023 788 1058 ut
815 1019 933 1069 vulgo
961 1018 1142 1068 creditur,
1172 1020 1271 1058 haec
1296 1018 1422 1057 forma
1449 1030 1500 1057 ex
1525 1018 1610 1057 illa.

229 1076 327 1116 Cum
355 1079 459 1117 enim
486 1078 594 1118 haud
622 1078 740 1118 dubie
772 1079 841 1117 lat.
859 1100 861 1102 v
871 1084 979 1129 port-
1007 1079 1048 1117 in
1072 1078 1317 1129 portendere,
1341 1078 1526 1128 polliceri
1550 1078 1613 1124 (cf.

230 1136 465 1178 Corssenum
493 1137 612 1177 ‘Krit.
630 1137 761 1178 Beitr.’
789 1151 828 1189 p.
849 1140 898 1178 87
901 1147 926 1188 j,
956 1150 1032 1178 osc.
1055 1138 1238 1187 pert.(cf.
1269 1137 1396 1178 Corss.
1426 1138 1612 1189 ‘Ausspr.'

229 1198 270 1237 II
298 1201 409 1248 377),
452 1210 525 1238 nec
565 1199 695 1238 minus
732 1200 857 1238 umbr.
891 1212 968 1249 pur
1000 1200 1156 1250 (Zeyss,
1193 1198 1402 1250 112„le
1430 1201 1520 1243 415)
1558 1199 1611 1237 ad

229 1257 398 1297 eandem
417 1258 607 1309 originem
625 1258 802 1308 redeant,
822 1271 892 1309 pro
910 1259 1094 1309 graecoit.
1114 1259 1238 1298 forma
1255 1257 1394 1310 *porti
1411 1258 1611 1308 habenda,

229 1318 270 1356 in
298 1330 370 1357 scr.
394 1319 507 1368 prata·
531 1323 673 1367 autem,
702 1319 852 1358 sloven.
875 1320 995 1369 proti,
1024 1320 1161 1358 lituan.
1179 1308 1437 1369 presiffiurt.
1459 1331 1497 1368 p.
1519 1321 1609 1363 267)

230 1377 461 1416 metathesis
506 1377 715 1416 statuenda
761 1377 845 1415 erit.
899 1378 1082 1416 Formam
1123 1378 1390 1417 sanscriticam
1424 1389 1446 1416 e
1475 1381 1613 1428 *parti

229 1435 440 1486 prodiisse,
482 1437 638 1486 pracrit.
663 1436 774 1487 padi,
804 1437 906 1486 quod
937 1437 1240 1476 Aufr.-Kirchh.
1270 1436 1418 1476 ‘Umbr.
1452 1437 1611 1486 sprach·

231 1495 410 1535 denkm.'
439 1496 460 1534 I
487 1498 535 1535 59
580 1496 785 1536 conferunt
793 1526 802 1546 ,
849 1495 995 1536 firmari
1038 1497 1205 1536 videtur.
1269 1496 1433 1536 Maximi
1477 1501 1609 1536 autem

229 1556 416 1596 momenti
445 1560 504 1596 est
531 1556 644 1596 elisio
671 1570 694 1594 r
720 1557 875 1597 litterae
892 1557 935 1596 in
954 1560 1054 1596 ποτί
1071 1557 1196 1596 forma
1215 1559 1348 1606 (quam
1365 1557 1475 1595 nullo
1494 1556 1611 1596 modo

163 1615 165 1618 ’
230 1628 317 1655 cum
346 1616 474 1655 Pottio
502 1616 701 1667 segregari
727 1629 751 1655 a
778 1619 905 1667 προτί
938 1630 1056 1668 posse
1085 1617 1238 1657 Curtius
1266 1617 1292 1656 l.
1320 1617 1344 1655 l.
1375 1616 1537 1663 monuit)
1575 1622 1614 1656 et

230 1675 341 1716 zend.
380 1677 482 1726 pnite?
523 1682 638 1726 (pers.
670 1678 781 1727 patzjrs
817 1681 887 1716 cet.
924 1690 961 1716 v.
988 1677 1091 1716 Justi
1118 1691 1155 1727 p.
1188 1680 1288 1721 176).
1343 1677 1459 1715 Illam
1506 1679 1612 1716 enim

230 1736 435 1775 elisionem
463 1736 703 1775 commodius
736 1737 945 1787 explicari,
987 1736 1020 1775 si
1054 1737 1244 1786 pristinae
1278 1736 1426 1776 formae
1462 1735 1611 1787 *par-ti,

228 1797 339 1846 porti
380 1796 536 1835 fuerunt
572 1818 621 1822 —
650 1808 751 1845 quae
794 1808 865 1846 pro
910 1797 1202 1847 praepositione
1247 1797 1409 1836 nimium
1455 1796 1612 1846 pondus

230 1855 433 1895 habebant
450 1877 502 1882 —
521 1866 637 1904 quam
655 1856 688 1894 si
712 1857 829 1906 prati,
860 1859 986 1906 προτί
1012 1856 1189 1904 fuissent,
1219 1856 1308 1895 luce
1325 1860 1386 1895 est
1404 1856 1547 1896 clarius
1557 1857 1611 1902 ⁵²).

230 1914 370 1965 Indog.
391 1915 527 1965 *parti
544 1915 679 1964 procul
708 1915 825 1954 dubio
853 1915 905 1954 ad
934 1915 1101 1955 eandem
1129 1920 1176 1955 st.
1203 1929 1290 1967 par,
1319 1928 1345 1955 a
1372 1928 1448 1965 qua
1475 1929 1611 1966 praep.

227 1987 304 2025 pra
325 1975 523 2024 (graecoit.
540 1983 629 2024 pro)
649 1975 822 2024 profecta
840 1978 910 2022 est,
938 1975 1040 2013 redit
1069 1975 1129 2022 (cf.
1148 1976 1290 2026 Boppii
1310 1975 1417 2025 ‘vg1.
1436 1976 1611 2025 gramm.'

231 2034 315 2073 111³
344 2037 454 2083 501),
484 2033 554 2073 sed
580 2035 756 2073 vocalem
791 2046 946 2084 semper
979 2035 1158 2081 retinuit,
1201 2047 1317 2084 quam
1351 2048 1427 2086 pra
1464 2035 1611 2073 dudum

231 2094 428 2132 amiserat.

338 2153 400 2193 38.
429 2152 575 2204 πρόσω
605 2164 626 2193 e
654 2151 798 2204 πόρσω
836 2152 978 2203 forma,
1018 2165 1040 2193 e
1069 2166 1146 2203 qua
1172 2153 1445 2193 assimilitione
1472 2167 1524 2202 ρσ
1550 2154 1611 2192 lit-

230 2217 400 2251 terarum
428 2213 546 2252 etiam
574 2211 718 2263 πόρρω
746 2212 910 2263 prodiit,
950 2214 1166 2263 anticipata
1192 2213 1342 2262 liquida
1370 2218 1496 2252 ortum
1525 2226 1612 2253 esse

317 2358 356 2397 ⁵²)
378 2357 467 2390 Nota
498 2360 576 2389 sunt
610 2357 758 2398 exempla
793 2368 811 2397 ρ
844 2356 974 2388 litterae
1012 2359 1111 2389 ante
1147 2357 1347 2398 explosivam
1386 2357 1486 2390 elisae
1524 2357 1612 2389 velut

233 2406 388 2447 φρέατος,
414 2405 537 2440 σκατός
556 2416 577 2438 a
598 2410 670 2439 stst.
687 2417 827 2447 φρεαρτ,
853 2415 969 2448 σκαρτ,
991 2405 1049 2438 sed
1059 2406 1187 2438 nullum
1199 2406 1444 2439 vocabulumin
1455 2409 1612 2448 promptu

232 2458 292 2494 est,
315 2465 379 2496 quo
403 2467 421 2497 ρ
445 2458 541 2497 post
563 2455 761 2497 explosivam
783 2455 954 2488 evanuisse
976 2455 1219 2502 comprobetur.
