1808 2965
890 280 938 316 45

327 388 390 424 41.
417 380 580 433 πράσον
608 395 802 433 porrum
832 382 1025 433 liquidam
1052 383 1305 434 anticipatam
1348 382 1497 422 habere
1540 381 1605 421 de-

221 444 429 486 monstrari
461 441 619 493 quidem
656 454 735 481 non
776 447 923 493 potest,
969 443 1040 483 sed
1062 452 1210 493 ‘paene
1255 446 1403 482 certum
1449 441 1606 482 videtur

220 507 387 547 aliorum
430 503 699 553 exemplorum
740 502 995 543 similitudine
1035 503 1096 549 (cf.
1125 516 1162 542 n.
1196 506 1253 551 11,
1287 505 1333 542 16
1355 505 1465 551 cet),
1515 514 1602 541 cum

220 566 391 606 maxime
443 576 486 600 rs
537 562 752 602 litterarum
805 562 1117 603 coniunctionem
1167 567 1235 602 aut
1278 562 1487 603 metathesi
1535 565 1605 601 aut

219 623 504 666 assimilatione
530 622 688 673 saepius
715 623 901 663 evitatam
929 623 1237 673 cognoverimus.
1290 622 1421 670 Quare
1444 622 1601 662 Hehnio

219 698 299 725 non
326 680 558 723 crediderim
585 683 654 722 lat.
679 695 841 733 porrum
868 695 939 733 pro
958 681 1146 734 *parsum
1174 683 1300 722 vocali
1328 682 1555 733 praeposita
1580 694 1601 722 e

218 758 276 796 gr.
303 741 465 792 πράσον
505 742 717 793 prodiisse3
758 742 829 783 sed
867 742 967 781 illud
1003 755 1088 782 cum
1116 755 1141 782 a
1168 741 1329 782 Graecis
1364 743 1599 782 translatum

219 814 306 844 esse
352 802 645 842 concedendum
691 802 760 851 sit,
807 801 859 840 ad
903 803 1162 852 antiquiorem
1207 803 1371 841 formam
1416 813 1599 852 graecam

218 861 416 914 *πάρσον
434 861 712 911 revocaverim,
742 861 850 901 cuius
868 866 999 901 tamen
1018 862 1169 901 nullum
1189 862 1396 912 vestigium
1417 862 1599 912 supersit.

323 924 385 961 42.
414 921 571 972 βρόμος
597 933 755 961 avena
788 935 858 972 pro
886 921 1101 960 recentiore
1127 921 1253 960 forma
1278 921 1506 960 habendum
1527 922 1600 961 erit

219 995 336 1034 quam
364 980 539 1033 βόρμος,
583 980 687 1031 quod
719 981 887 1021 traditur
920 980 1027 1031 apud
1055 980 1293 1032 Hesychium
1331 979 1510 1031 (βόρμος
1552 978 1599 1019 ἒν

218 1043 287 1082 καὶ
315 1040 472 1092 βρόμον
500 1041 703 1091 λέγουσιν)
733 1045 771 1080 et
798 1041 884 1080 EM.
914 1043 1002 1090 285,
1034 1042 1069 1088 3,
1106 1053 1142 1078 v.
1172 1040 1413 1079 Lobeckium
1442 1053 1480 1091 p.
1510 1042 1598 1079 499.

216 1102 302 1151 Hic,
332 1106 373 1140 ut
391 1114 511 1151 supra
537 1101 616 1139 iam
644 1101 957 1149 commemoravi,
986 1100 1222 1139 vocabulum
1253 1104 1357 1140 recte
1385 1100 1550 1139 fortasse
1578 1112 1600 1139 e

215 1161 300 1201 rad.
320 1164 396 1211 βορ
423 1161 464 1199 in
492 1159 618 1210 βορ-ά
642 1164 714 1200 cet.
746 1160 857 1200 duxit
883 1164 923 1200 et
949 1159 1152 1199 commode
1179 1158 1370 1210 γράσ-τις
1399 1164 1437 1205 (a
1464 1159 1598 1210 γρά-ιυ

215 1241 267 1253 =
296 1219 498 1270 ‘futter',
528 1220 574 1260 cf.
604 1219 708 1260 Curt.
736 1234 774 1271 p.
795 1221 886 1267 436)
915 1219 1169 1270 comparavit.
1225 1220 1404 1260 Hehnius
1430 1223 1599 1270 βρῶμος

216 1279 403 1331 (βρόμος)
431 1280 598 1320 hircus
626 1284 699 1320 cet.
728 1280 879 1320 confert
908 1283 957 1323 (V.
979 1293 1016 1330 p.
1037 1282 1138 1328 401),
1169 1280 1272 1330 quod
1301 1292 1376 1330 quo
1404 1280 1487 1320 iure
1515 1279 1598 1319 fieri

214 1340 339 1391 possit
366 1339 539 1379 nondum
567 1343 814 1392 perspectum
843 1340 984 1380 habeo.

320 1402 382 1439 43.
412 1398 610 1452 φράσσω,
652 1401 699 1439 cf.
727 1402 794 1440 lat.
811 1400 970 1450 sarcio,
1005 1404 1084 1450 got.
1113 1399 1265 1450 basma,
1306 1399 1445 1439 lituan.
1474 1399 1597 1437 bmlcic

213 1464 285 1499 cet.
315 1458 418 1498 Curt.
446 1472 484 1509 p.
505 1461 592 1499 283.
647 1459 835 1507 Quamvis
862 1459 967 1510 apud
986 1460 1149 1499 Latinos
1177 1472 1329 1510 quoque
1357 1473 1380 1497 r
1406 1459 1598 1510 anticipa-

212 1523 295 1558 tum
336 1519 386 1559 sit
423 1519 464 1557 in
492 1519 704 1571 frequens,
750 1520 853 1571 quod
880 1520 956 1559 huc
983 1520 1178 1570 pertinere
1212 1520 1388 1569 videtur,
1422 1519 1595 1559 radicem

212 1579 391 1628 primitus
419 1578 542 1616 blmrlc
568 1578 688 1620 fuisse
716 1591 761 1619 eo
790 1579 1047 1619 certissimum
1085 1583 1162 1628 est,
1205 1580 1310 1629 quod
1344 1579 1421 1630 ipsi
1457 1579 1597 1618 Graeci

214 1653 325 1691 φαργ
379 1642 596 1678 servarunt.
670 1638 784 1686 Quod
830 1639 933 1678 enim
981 1639 1021 1677 in
1066 1639 1152 1678 EM.
1199 1644 1258 1679 est
1304 1653 1341 1690 p.
1384 1641 1481 1688 667,
1527 1641 1596 1678 22:

211 1701 507 1750 πεφαργμένος
544 1696 633 1737 ἀντὶ
668 1702 741 1737 τοῦ
782 1701 1077 1750 πεφραγμένος
1118 1700 1185 1737 καὶ
1228 1698 1462 1751 ἕφάρξαντο
1505 1697 1597 1738 ἀντὶ

210 1762 282 1797 τοῦ
325 1756 555 1810 ἐφράξαντο
597 1758 665 1797 καὶ
706 1757 753 1797 τὸ
796 1757 980 1811 φρακτὸν
1022 1757 1206 1811 φαρκτόν
1247 1759 1288 1798 id
1327 1759 1507 1803 minime,
1554 1763 1596 1798 ut

210 1818 448 1858 Dietrichius
476 1832 514 1869 p.
545 1820 565 1856 7
596 1818 797 1869 opinatur,
827 1819 879 1858 ad
908 1818 1145 1858 recentiores
1173 1820 1383 1870 scriptores
1411 1820 1593 1870 pertinet,

211 1878 323 1929 quasi
364 1892 476 1930 φαργ
514 1890 535 1917 e
564 1892 675 1930 φραγ
717 1882 841 1918 ortum
883 1878 943 1919 sit.
1011 1878 1090 1918 Sed
1130 1883 1235 1919 recte
1276 1879 1501 1919 Dindorfius
1542 1879 1594 1920 ad

209 1937 407 1987 Aristoph.
446 1938 542 1976 Ach.
572 1951 609 1976 v.
645 1940 694 1976 95
735 1939 886 1978 monuit
926 1951 994 1978 eas
1032 1939 1196 1988 formas,
1244 1951 1344 1989 quae
1380 1955 1406 1977 α
1442 1945 1535 1979 ante
1571 1956 1593 1990 ρ

209 1996 378 2046 habent,
424 1996 678 2036 vetustiorum
718 1998 935 2037 Atticorum
976 1998 1115 2047 fuisse,
1162 1998 1233 2038 sed
1274 1999 1417 2049 ubique
1457 1999 1538 2039 fere
1570 2012 1595 2038 a

208 2056 381 2096 librariis
409 2069 496 2096 esse
523 2057 780 2109 oblitteratas.
835 2058 1023 2097 Traditae
1063 2063 1153 2097 sunt
1193 2059 1289 2097 hae:
1330 2058 1593 2110 ναύφαρκτος

208 2115 322 2155 Phot.
351 2115 459 2162 (inde
486 2115 743 2168 Aristophani
769 2118 988 2157 restitutum
1016 2131 1041 2157 a
1067 2117 1270 2157 Dindorfio
1297 2118 1320 2156 l.
1341 2119 1381 2162 l.,
1408 2118 1512 2158 idem
1543 2131 1592 2158 ex

209 2175 295 2214 EM.
325 2180 620 2228 πεφαργμένος
648 2177 815 2217 correxit
842 2178 963 2228 Soph.
991 2178 1082 2217 Ant.
1104 2181 1191 2228 235,
1222 2177 1510 2229 κατάφαρκτος
1538 2180 1591 2217 ib.

209 2236 284 2274 957
313 2238 422 2285 cet.)‚
466 2235 636 2287 φάργμα
673 2237 742 2278 (sic
770 2237 866 2282 cd.)·
907 2236 1116 2289 φραγμός,
1158 2236 1385 2290 φάργνυμι·
1416 2236 1591 2289 φράσσω

207 2293 392 2346 Hesych.,
424 2295 580 2348 φάρξαι
608 2300 709 2337 teste
729 2296 860 2337 Curtio
884 2297 923 2336 in
946 2297 1201 2348 inscriptione
1221 2297 1327 2338 edita
1345 2298 1386 2337 in
1408 2298 1591 2339 ‘Monum.

208 2354 305 2394 (lell'
343 2354 469 2395 Insfit.
512 2358 695 2397 archeol.'
735 2360 831 2397 1865
860 2357 953 2397 fasc.
989 2358 1056 2407 IV,
1088 2361 1182 2408 325,
1221 2358 1509 2411 φάρκτεσθαι·
1544 2359 1590 2397 τὸ

210 2414 473 2465 φράττεσθαι
503 2417 629 2467 Ρὶιοῒ.,
659 2417 705 2457 cf.
737 2416 941 2469 φάρκτου·
972 2417 1158 2471 φυλακὴν
1189 2417 1359 2467 σκεύαζε
1388 2419 1559 2471 Hesych.

316 2478 377 2515 44.
408 2480 540 2529 φρέαρ
577 2490 647 2528 pro
689 2481 879 2529 *sppefaQ
907 2477 1061 2518 Curtius
1089 2492 1126 2527 p.
1157 2481 1231 2518 284
1260 2491 1282 2519 e
1309 2480 1395 2519 rad.
1425 2495 1506 2532 φυρ
1536 2480 1590 2524 (in
