1808 2965
866 236 915 273 42

197 338 424 377 nominibus
464 337 633 388 propriis
677 341 720 376 ut
758 336 1153 389 Θαρσυ-πτόλεμος,
1196 338 1459 389 Θαρσύ-τα-ς
1486 343 1590 392 al.⁴⁹)

199 402 239 437 et
266 397 455 449 Hesychii
482 398 617 447 glossa
644 396 827 448 θαρσύς·
854 396 1147 450 τεθαρρηκώς,
1189 398 1353 449 θρασύς
1380 400 1588 454 probatur;

201 472 277 509 quo
313 457 508 498 accedunt
542 458 712 508 vestigia
749 457 943 508 quaedam
978 457 1019 496 in
1057 457 1169 497 libris
1197 460 1358 510 mss.⁵⁰),
1399 472 1420 500 e
1449 461 1589 511 quibus

200 519 378 558 conicere
406 518 499 557 licet
525 519 567 557 in
594 516 759 569 θαρσύς
785 540 837 545 -
867 516 1031 568 θρασύς
1059 517 1163 557 idem
1191 518 1337 558 factum
1366 532 1453 561 esse
1474 524 1592 571 atque

199 580 239 618 in
271 577 428 629 ὂαρχμή
458 600 508 605 ——
539 576 711 631 δραχμή,
740 582 782 616 ut
808 577 933 616 forma
960 580 1116 617 vetusta
1142 578 1193 617 ab
1220 578 1317 629 ipsis
1337 580 1591 631 scriptoribus

200 638 382 678 adhibita
414 650 436 678 e
471 638 689 689 posteriore
723 637 912 687 loquendi
953 638 1235 677 consuetudine
1269 639 1310 678 in
1350 639 1464 680 libris
1504 641 1592 681 sub-

199 703 464 738 moverentur.
520 699 561 738 Si
590 698 685 749 quid
711 697 848 743 video,
887 697 962 737 hoc
990 698 1148 737 omnino
1168 698 1290 738 'nobis
1318 699 1445 749 magis
1473 712 1591 750 quam

199 758 330 798 adhuc
357 758 502 798 factum
531 763 591 798 est
617 757 861 808 sequendum
890 758 983 807 erit,
1024 762 1066 796 ut
1101 758 1294 798 eiusmodi
1328 759 1591 808 antiquiorum

199 819 414 858 formarum
442 818 611 868 vestigia
639 817 746 869 apud
774 817 985 868 scriptores
1004 817 1156 857 Atticos
1184 821 1366 858 accurate
1385 830 1591 859 conserve-

199 891 286 918 mus
314 883 364 927 et,
394 878 461 917 ubi
488 877 531 917 id
558 882 664 918 recte
691 876 774 917 fieri
802 877 985 917 videatur
993 907 1003 927 ‚
1032 878 1300 928 restituamus,
1335 891 1412 928 qua
1439 879 1592 920 ratione

199 938 253 978 ad
280 939 381 978 alios
409 939 632 989 scriptores,
661 938 825 977 Latinos
844 937 1102 988 potissimum,
1132 937 1403 978 emendandos
1425 939 1591 978 multum

198 999 274 1038 hoc
301 1003 478 1049 tempore
507 998 695 1037 collatum
724 1009 812 1037 esse
839 996 1030 1037 videmus.

310 1061 344 1097 2.
375 1057 539 1108 θάρσος
585 1057 692 1108 apud
737 1058 951 1096 Homerum
997 1056 1161 1107 θράσος
1205 1056 1332 1096 forma
1375 1057 1594 1097 recentiore

201 1118 324 1159 semel
352 1122 524 1157 mutatur
551 1117 590 1157 Ξ
616 1119 712 1156 416:
745 1116 816 1156 τὸν
846 1114 887 1155 δ’
929 1114 1059 1168 οὕπερ
1102 1115 1186 1166 ἕχει
1227 1115 1391 1168 θράσος
1434 1114 1481 1164 ὅς
1522 1133 1591 1158 κεν

201 1178 355 1231 ἴδηται.
412 1178 508 1217 Cum
536 1190 628 1217 vero
667 1178 740 1216 hoc
774 1178 861 1216 loco
896 1176 1060 1227 θράσος
1095 1177 1385 1226 fortitudinem,
1427 1176 1593 1227 θάρσος

205 1242 242 1275 <D
272 1239 347 1276 395
359 1238 399 1285 ⁵¹)
427 1237 714 1288 impudentiam
743 1236 947 1287 significet,
980 1241 1185 1287 utramque
1212 1236 1377 1276 formam
1406 1248 1486 1276 non
1513 1237 1592 1276 iam

200 1298 256 1336 ita
284 1302 326 1337 ut
352 1301 492 1347 postea
520 1297 678 1336 differre
705 1301 884 1347 apparet.
943 1298 1195 1347 Θαρραλέος,
1224 1300 1396 1346 θαρσέω
1416 1318 1465 1324 -
1485 1299 1592 1347 θαρ-

203 1360 284 1405 ρέω
326 1358 399 1405 al.,
438 1368 538 1405 quae
566 1369 618 1405 ρσ
645 1357 861 1395 litterarum
889 1357 1175 1395 assimilatione
1202 1355 1412 1395 metathesi
1438 1356 1592 1395 resiste-

201 1416 317 1465 bant,
348 1420 387 1455 et
414 1415 654 1454 fortitudinis
682 1420 721 1454 et
747 1415 1018 1465 impudentiae
1051 1415 1202 1454 notioni
1230 1414 1460 1454 inserviunt.

308 1477 343 1514 3.
373 1475 491 1525 Apud
510 1474 662 1514 Atticos
690 1473 853 1525 θράσος
882 1479 921 1514 et
948 1473 1112 1526 θάρσος
1140 1475 1290 1514 formae
1308 1475 1364 1514 ita
1383 1473 1594 1514 distinctae

202 1540 304 1583 sunt,
332 1539 375 1574 ut
392 1535 465 1574 illa
482 1535 524 1573 in
543 1535 690 1574 malam
707 1539 872 1585 partem,
901 1534 1001 1574 haec
1025 1535 1066 1574 in
1085 1535 1228 1573 bonam
1249 1539 1401 1585 partem
1420 1535 1591 1586 valeret;

203 1607 304 1645 quae
324 1607 387 1634 res
406 1599 501 1633 nota
522 1599 581 1634 est
599 1607 727 1644 neque
747 1595 939 1645 exemplis
960 1599 1059 1645 eget.
1090 1594 1265 1634 Cf.P1ut.
1285 1595 1422 1633 moral.
1448 1608 1487 1645 p.
1502 1596 1590 1633 449.

309 1656 371 1693 35.
401 1651 534 1704 θρόνα
555 1657 614 1692 (Χ
631 1657 726 1692 441:
756 1653 799 1693 ἐν
829 1653 873 1693 δὲ
904 1654 1039 1704 θρόνα
1063 1652 1224 1693 ποικίλ’
1246 1654 1459 1701 ἔπασσεν),
1487 1654 1592 1704 quod

203 1718 263 1753 est
290 1727 362 1764 pro
392 1711 519 1763 τρὸνα
547 1735 598 1739 -
627 1713 674 1751 cf.
695 1713 889 1764 Hesych.:
919 1713 1064 1764 τρόνα·
1094 1711 1204 1766 ἄνθη
1235 1715 1305 1753 καὶ
1332 1713 1382 1752 τὰ
1411 1713 1456 1754 ἐκ
1482 1727 1592 1763 χρω-

202 1773 343 1821 μάτων
364 1773 617 1821 ποικίλματα
636 1795 688 1799 -
707 1773 987 1813 conferendum
1008 1778 1067 1813 est
1085 1786 1171 1812 cum
1192 1785 1263 1812 scr.
1283 1779 1408 1821 lma-s
1426 1773 1450 1812 h
1462 1773 1591 1825 erba,

202 1837 279 1883 got.
311 1833 481 1875 tham-ns,
512 1833 662 1871 sloven.
692 1836 818 1877 ινῆητῖ,
847 1846 883 1872 V.
914 1833 1019 1873 Curt.
1047 1846 1085 1884 p.
1116 1835 1204 1872 456.

310 1895 371 1932 36.
402 1893 605 1931 Nonnulla
640 1897 730 1931 sunt
765 1894 1012 1934 vocabulaa
1039 1893 1123 1932 rad.
1157 1892 1289 1942 indog.
1320 1892 1426 1943 7211ch
1462 1893 1591 1942 ducta,

204 1964 306 2002 quae
350 1953 450 1990 varii
496 1953 560 1991 vel
607 1953 798 1991 maculosi
842 1953 982 1992 coloris
1029 1953 1226 1991 notionem
1273 1952 1486 1991 continent.
1542 1951 1589 1990 V.

288 2044 328 2083 ⁴⁹)
353 2055 395 2084 ρσ
417 2043 655 2076 assimilatione
676 2044 709 2077 in
733 2055 774 2083 ρρ
797 2053 891 2076 verso
914 2046 964 2081 (ut
985 2045 1018 2075 in
1041 2044 1177 2085 θαρρὲω
1196 2046 1229 2075 et
1244 2043 1329 2081 sim.)
1350 2043 1591 2085 Θαρρύψαχος

204 2096 255 2125 est
287 2094 321 2125 in
351 2094 451 2125 inser.
476 2093 637 2130 Theraea,
667 2103 696 2123 v.
720 2092 898 2125 Kirchhoff
924 2092 1030 2124 ‘Stud.
1054 2103 1081 2123 z.
1104 2092 1214 2132 gesch.
1239 2092 1267 2123 d.
1292 2102 1339 2133 gr.
1365 2092 1471 2134 alph.'
1494 2102 1526 2134 p.
1549 2095 1587 2124 41

204 2147 287 2178 not..
324 2142 453 2175 aeolica
485 2141 638 2174 videntur
672 2144 853 2183 Θερσίτης,
888 2140 1079 2183 Ἁλιθέρσης
1111 2141 1182 2174 sim.
1240 2141 1317 2174 Alia
1349 2143 1481 2175 nomina
1515 2152 1590 2175 cum

204 2196 329 2233 θαρσυ-
354 2192 539 2233 composita
559 2192 662 2224 habes
686 2191 719 2223 in
737 2192 905 2224 Benseleri
919 2191 1037 2224 lexico.
1050 2210 1090 2214 —
1105 2190 1135 2222 T
1131 2190 1372 2233 harsymaclms
1384 2191 1591 2225 Ritschelius

203 2252 234 2283 p.
259 2244 315 2273 541
343 2241 485 2274 evidenti
507 2241 698 2273 coniectura
720 2240 867 2273 Iuvenali
889 2240 1069 2279 (V11,204)
1093 2239 1246 2272 restituit.

289 2292 329 2330 ⁵⁰)
352 2290 499 2333 Thucyd.
516 2290 588 2330 VH,
606 2293 643 2322 77
668 2289 756 2324 ἐλπὶς
780 2293 925 2332 θαρσεῖα
950 2291 1008 2320 τοῦ
1030 2290 1208 2331 μέλλοντος
1231 2289 1303 2321 cdd.
1326 2290 1423 2331 longe
1444 2288 1588 2331 plurimi,

203 2350 242 2372 ac
265 2340 362 2372 testis
385 2343 437 2371 est
448 2341 564 2372 Thom
588 2340 676 2380 Mag.
695 2350 726 2380 p.
742 2343 810 2378 180,
828 2339 897 2370 1R.
932 2340 1104 2371 Bekkerus
1127 2339 1167 2370 al
1193 2341 1339 2379 θρασεῖα
1362 2338 1587 2371 correxerunt.

288 2391 328 2423 5’)
350 2388 444 2420 Haec
467 2393 544 2420 sunt
565 2390 682 2421 verba:
721 2386 819 2418 'flur'
847 2383 923 2419 αὖτ’
929 2412 936 2426 ,
972 2401 996 2418 (υ
1029 2399 1079 2418 κυι
1081 2387 1212 2429 ά,μυια
1250 2386 1350 2422 θεοὺς
1381 2386 1470 2428 ἴριδι
1502 2388 1589 2422 ξυνε-

204 2436 332 2472 λαύνεις
352 2440 355 2479 1
377 2436 508 2478 (θάρσος
532 2435 551 2467 ‹'c'
556 2450 635 2474 '¹11⁰
658 2437 781 2479 ἔχοισα
800 2464 804 2468 .
820 2464 826 2469 .

1663 0 1670 6 ⁵
1685 0 1752 14 wer-²
