1808 2965
868 272 916 309 25

303 378 407 417 Nam
434 376 535 416 illud
553 376 784 417 metathesis
801 387 938 427 genus,
966 377 1008 416 in
1028 390 1103 427 quo
1131 377 1326 417 vocalis
1354 376 1583 426 liquidae

197 437 396 478 vicinae
421 436 758 487 praeponitur
785 458 837 465 -
855 436 905 477 de
928 448 1003 487 quo
1022 448 1127 477 nune
1146 437 1282 488 paucis
1301 435 1582 488 exponendum

196 503 257 539 est
294 520 345 526 —-
381 497 538 536 omnino
584 509 675 536 rara
718 497 840 537 habet
883 498 1068 547 exempla
1112 502 1151 536 et
1195 497 1247 536 ad
1292 497 1583 538 recentiora

196 557 441 609 potissimum
473 559 651 607 tempora
684 555 840 596 videtur
873 557 1081 607 pertinere.
1136 555 1232 595 Cum
1268 557 1373 596 enim
1408 556 1582 607 liquidas

196 617 276 658 iam
303 615 573 666 antiquissimo
601 621 777 667 tempore
804 616 1084 668 praepositas
1112 628 1199 656 esse
1226 628 1277 656 ex
1304 629 1350 657 eo
1379 616 1581 667 collegeri-

196 688 294 726 mus,
323 675 429 726 quod
456 676 613 727 saepius
641 677 860 728 complures
886 677 1048 727 linguae
1070 676 1111 715 in
1131 676 1269 716 eodem
1289 676 1471 727 exemplo
1491 687 1581 715 eam

195 736 444 777 metathesim
482 748 726 777 communem
766 737 933 787 habent,
975 737 1015 776 in
1052 737 1127 776 hoc
1161 737 1286 776 altero
1319 748 1465 786 genere
1499 735 1581 775 tale

196 796 291 847 quid
331 809 411 835 non
451 796 838 843 animadvertitur-²⁸).
893 797 1023 848 Saepe
1063 801 1193 836 autem
1234 796 1348 836 nobis
1384 795 1434 835 de
1469 795 1580 845 liqui-

196 856 334 896 darum
362 860 401 896 et
427 857 621 896 vocalium
648 856 973 897 transmutatione
1000 857 1291 906 quaerentibus,
1320 868 1408 896 eam
1428 855 1478 894 ob
1497 867 1580 895 rem

196 915 405 955 difficultas
446 920 485 955 et
527 916 718 955 dubitatio
758 920 958 964 movetur,
1006 916 1098 965 quia
1133 916 1309 965 alioquin
1348 916 1579 965 saepissime

194 975 418 1025 liquidas
453 975 689 1026 anticipatas
716 974 895 1014 videmus
922 973 1094 1024 indeque
1120 974 1238 1014 facile
1267 996 1316 1001 —
1345 979 1384 1013 et
1410 974 1580 1024 plerum-

195 1047 271 1086 que
310 1033 419 1073 haud
460 1034 578 1074 dubie
618 1038 723 1074 recte
749 1056 803 1061 -
829 1033 1079 1083 adducimur,
1126 1038 1168 1072 ut
1212 1045 1281 1073 eas
1327 1033 1492 1083 formas,
1537 1033 1581 1072 in

195 1096 336 1145 quibus
373 1094 526 1144 liquida
565 1095 742 1134 vocalem
784 1094 975 1143 sequitur,
1018 1106 1099 1132 non
1148 1093 1396 1133 metathesim
1442 1106 1581 1144 passas

195 1166 295 1202 esse,
323 1153 394 1193 sed
422 1153 601 1193 ordinem
628 1153 846 1193 litterarum
873 1153 1148 1204 primigenium
1177 1164 1357 1192 servasse
1384 1156 1579 1203 putemus.

299 1213 395 1253 Cum
430 1213 548 1263 igitur
581 1214 818 1262 habeamus,
858 1217 901 1252 ut
935 1214 1158 1263 exemplum
1193 1225 1351 1262 ponam,
1380 1225 1452 1252 scr.
1475 1211 1582 1263 parli

196 1274 437 1323 (miscere,
468 1272 709 1323 iungere),
751 1285 831 1312 aor.
875 1270 1037 1323 aparlc'it
1071 1276 1163 1321 cet„
1192 1295 1244 1299 —
1272 1272 1343 1312 sed
1376 1285 1581 1323 prop-naas

195 1333 498 1384 (canistrum)
539 1345 596 1383 gr.
636 1332 795 1381 πλέκω,
842 1333 910 1372 lat.
946 1333 1098 1381 plecta,
1147 1333 1267 1380 plico,
1314 1337 1394 1383 got.
1433 1332 1577 1386 flahta,

194 1394 344 1432 sloven.
370 1394 477 1444 pletq
504 1392 625 1442 (Ourt.
658 1394 766 1438 157),
801 1393 927 1442 primo
964 1393 1122 1442 quidem
1160 1393 1297 1431 obtutu
1333 1394 1477 1442 aliquis
1506 1405 1578 1432 ser.

190 1447 295 1503 par-li
333 1452 460 1491 vocali
495 1452 723 1503 praeposita
759 1464 808 1491 ex
843 1448 978 1503 *pralc‘
1016 1456 1141 1491 ortum
1177 1463 1264 1491 esse
1300 1451 1483 1502 opinatus
1517 1452 1578 1491 sit.

194 1511 275 1552 Sed
302 1512 335 1552 si
362 1515 468 1551 recte
495 1525 519 1551 a
547 1512 677 1552 Curtio
705 1512 731 1550 l.
760 1512 785 1550 l.
815 1510 975 1562 πόρκος
1005 1515 1139 1556 (rete)
1173 1516 1212 1551 et
1239 1524 1263 1551 a
1290 1512 1466 1551 Waltero
1494 1511 1578 1550 KZ.

193 1571 288 1620 XII,
318 1573 393 1610 378
430 1570 522 1609 adn.
550 1571 619 1610 lat.
648 1571 782 1608 Parca
820 1571 896 1609 huc
931 1575 1116 1610 revocata
1151 1571 1291 1617 sunt²⁹)
1319 1593 1370 1597 —
1397 1571 1439 1609 id
1475 1570 1580 1620 quod

192 1631 290 1671 mihi
330 1629 544 1670 verisimile
581 1629 737 1670 videtur
765 1652 816 1658 —
842 1630 971 1681 potius
1010 1630 1052 1669 in
1092 1631 1155 1671 his
1196 1634 1234 1670 et
1275 1643 1348 1670 scr.
1378 1627 1485 1681 parlc'
1521 1630 1582 1670 lit-

194 1695 366 1730 terarum
412 1690 590 1728 ordinem
635 1694 853 1739 servatum,
900 1694 1035 1729 contra
1074 1691 1115 1728 in
1155 1691 1294 1729 ceteris
1333 1690 1412 1728 illis
1447 1690 1580 1729 formis

193 1749 442 1789 metathesim
476 1749 617 1788 factam
652 1761 738 1789 esse
766 1752 994 1789 statuemus.
1022 1771 1074 1776 ——
1102 1750 1185 1788 Nec
1220 1753 1324 1789 recte
1352 1749 1511 1788 Fickius
1539 1762 1579 1800 p.

199 1812 269 1850 127
306 1810 348 1849 in
382 1813 460 1860 got.
490 1806 616 1859 faur,
645 1808 774 1859 faura
810 1808 958 1859 (theod.
987 1811 1070 1856 vor)
1109 1809 1262 1849 collatis
1290 1821 1377 1848 cum
1404 1821 1477 1849 ser.
1503 1823 1579 1861 pra

279 1933 319 1972 28)
341 1932 457 1974 Neque
479 1932 567 1974 apud
588 1931 678 1974 ipsos
691 1931 834 1964 Graecos
857 1931 1018 1973 exempla,
1040 1931 1075 1963 in
1094 1932 1214 1973 quibus
1231 1933 1337 1965 vocali
1352 1933 1438 1965 inter
1455 1936 1578 1964 mutam

195 1985 227 2014 et
260 1985 501 2023 sequentem
540 1980 696 2022 liquidam
728 1980 923 2023 interposita
955 1981 1019 2013 hoc
1052 1982 1243 2014 metathesis
1275 1991 1378 2022 genus
1410 1984 1578 2023 tamquam

195 2033 359 2063 tentatum
380 2031 546 2069 videatur,
580 2031 614 2062 in
635 2030 710 2062 luce
732 2033 809 2062 sunt
830 2030 950 2071 posita.
994 2030 1044 2062 Eo
1069 2030 1258 2072 suspicatus
1282 2031 1326 2062 sis
1344 2028 1473 2071 χάλαζα
1503 2033 1575 2071 (pro

195 2079 394 2123 *zamri-ja)
418 2080 599 2121 pertinere⁷
633 2089 773 2121 quocum
804 2089 867 2112 scr.
889 2079 1053 2112 brad—uni
1080 2082 1353 2121 (tempestas),
1375 2078 1469 2111 zend.
1493 2078 1580 2111 zrdd

195 2132 399 2171 (crepare)
429 2129 485 2161 lat.
509 2129 640 2171 qrando
669 2129 792 2162 sloven.
813 2128 920 2172 qradu
949 2131 1003 2167 (=
1019 2127 1160 2170 χάλαζα)
1190 2129 1279 2161 haud
1309 2128 1408 2160 dubie
1438 2131 1581 2168 cognata

194 2181 273 2211 sunt
295 2181 336 2217 (v.
361 2178 453 2210 Curt.
476 2188 509 2219 p.
537 2181 616 2217 186).
662 2178 788 2210 Tamen
818 2178 900 2210 illud
921 2178 1052 2210 minime
1075 2180 1199 2210 certum
1223 2179 1283 2216 est,
1308 2177 1462 2218 quoniam
1484 2177 1580 2209 radix

193 2227 245 2260 his
267 2227 438 2260 vocabulis
462 2227 612 2260 subiecta
642 2226 781 2270 *qkrad
801 2237 818 2260 e
840 2226 997 2269 primaria
1018 2227 1089 2260 rad.
1112 2226 1200 2271 qhar
1222 2236 1376 2260 sonare
1398 2226 1580 2260 accedente

194 2277 218 2310 d
237 2277 349 2309 littera
372 2277 553 2318 composita
576 2276 751 2319 (*qhar-d)
774 2276 911 2316 videtur,
934 2288 962 2308 v.
987 2276 1081 2308 Fick.
1105 2287 1138 2317 p.
1163 2279 1211 2308 72.
1256 2277 1374 2316 Itaque
1396 2276 1487 2309 haud
1510 2277 1578 2309 scio

194 2336 239 2359 an
260 2325 383 2358 rectius
406 2325 440 2357 in
459 2326 573 2367 χαλαδ
592 2326 777 2359 alterum
801 2338 821 2356 α
842 2325 1082 2367 interpositum,
1105 2326 1140 2357 in
1161 2325 1349 2366 linguarum
1362 2331 1577 2367 cognatarum

194 2375 311 2408 formis
332 2375 491 2416 liquidam
513 2374 728 2415 antieipatam
750 2385 823 2408 esse
846 2379 1041 2408 statuamus.

279 2426 322 2464 2⁹)
345 2425 436 2457 Haec
459 2426 492 2456 et
512 2434 531 2455 r
553 2427 586 2456 et
608 2425 826 2465 antiquiorem
854 2425 1039 2465 litterarum
1072 2424 1324 2457 collocationem
1356 2425 1574 2464 retinuerunt,

197 2482 272 2506 cum
294 2484 332 2507 ea
356 2475 430 2507 cum
451 2473 617 2516 plectendi
638 2474 737 2506 verbo
761 2474 936 2506 cohaerere
957 2473 1023 2505 iam
1045 2483 1112 2506 non
1134 2474 1319 2507 sentiretur.
