1808 2965
890 244 935 280 10

214 350 254 386 et
281 347 304 395 ξ
329 346 371 385 in
408 345 689 385 vocabulorum
729 346 849 386 initiis
890 346 1120 395 collocatis),
1162 344 1522 395 Delbruckius,
1564 361 1601 388 v.

215 405 404 446 ‘Studien’
424 405 456 455 Ι,
477 407 513 455 2,
538 406 610 444 129
630 417 728 455 sqq„
757 407 838 456 alii,
869 406 935 456 qui
963 418 1033 446 suo
1052 405 1217 455 quisque
1235 406 1321 444 loco
1340 404 1600 447 nominabun-

213 471 288 506 tur.
330 466 503 506 Maxime
529 469 662 505 autem
681 466 792 506 libris
812 465 1085 518 etymologicis
1104 464 1295 505 utendum
1315 469 1409 515 erat,
1439 470 1479 506 et
1495 465 1599 507 inter

215 538 282 566 eos
315 527 528 576 praecipue
556 525 718 565 Curtii
752 526 875 575 libro,
907 526 973 576 qui
999 525 1223 565 inscribitur
1252 524 1504 576 ‘Grundzflge
1531 526 1602 567 der

213 586 360 637 griech.
397 585 657 637 Etymologie'
693 586 770 631 (cd.
800 590 851 632 3.)
889 590 929 626 et
964 585 1131 625 Fickii
1165 585 1292 625 lexico
1333 587 1602 637 comparativo

215 646 292 693 (ed.
324 648 393 696 2.);
422 646 549 685 rarius
577 646 784 697 Boppium‚
813 646 996 695 Pottium,
1026 646 1264 697 Benfeyum,
1293 645 1393 686 alios
1420 647 1603 687 laudatos

212 706 398 755 reperies.
454 706 636 755 Denique
662 706 737 745 hoc
763 707 849 744 loco
878 705 1264 745 commemorandum
1299 708 1359 744 est
1385 706 1602 746 Pettium

215 765 401 817 ‘EtymoL
422 765 591 804 Forsch.’
611 764 664 813 1¹,
689 767 761 804 113
790 777 874 816 sqq.
904 765 954 805 de
980 764 1352 815 indogermanarum
1379 765 1602 815 linguarum

214 825 426 864 metathesi
452 824 493 863 in
520 824 749 864 universum
778 825 1001 876 disputasse
1029 829 1068 864 et
1086 824 1359 876 Benfeyum
1388 822 1538 865 ‘Oi-ient
1564 839 1600 865 u.

214 884 414 926 Occident'
442 889 468 924 t.
498 884 559 924 III
587 897 624 936 p.
648 887 694 923 27
726 885 965 936 singularem
995 885 1195 936 quandam
1222 885 1272 926 de
1299 884 1536 936 liquidarum
1564 890 1603 927 et

214 946 411 985 vocalium
439 946 743 985 commutatione
771 946 1007 985 sententiam
1035 946 1247 996 protulisse
1275 945 1337 991 (cf.
1366 945 1469 985 infra
1497 949 1519 992 ξ
1548 948 1600 992 2).

213 1006 286 1046 His
330 1018 424 1046 vero
470 1005 686 1056 adiungam
730 1006 776 1044 A.
819 1006 1083 1054 Kiihnium,
1130 1006 1194 1056 qui
1238 1006 1280 1045 in
1325 1005 1603 1047 dissertatione

216 1067 361 1107 ‘Ueber
388 1066 729 1105 wurzelvariation
756 1066 878 1105 durch
906 1066 1145 1106 metathesis'
1181 1066 1370 1116 inscripta
1406 1066 1602 1116 quaedam

216 1126 266 1166 de
292 1126 523 1165 metathesis
549 1125 590 1164 vi
617 1129 656 1165 et
682 1130 825 1165 natura
852 1126 1048 1171 monuit⁶).

871 1272 957 1317 §2

321 1365 406 1403 lam
447 1369 491 1403 ut
530 1364 579 1403 de
620 1364 852 1404 metathesis
889 1376 1057 1414 graecae
1097 1360 1293 1403 natura
1317 1368 1355 1404 et
1395 1365 1442 1403 vi
1477 1369 1516 1404 et
1553 1365 1603 1406 de

216 1424 404 1471 causis,
435 1422 575 1472 quibus
602 1424 849 1474 potissimum
877 1424 1022 1463 factum
1051 1424 1113 1472 sit,
1142 1428 1184 1462 ut
1204 1423 1368 1463 eaedem
1387 1424 1544 1464 litterae
1562 1425 1603 1464 in

214 1484 363 1525 eisdem
403 1483 469 1523 vel
510 1483 688 1532 cognatis
727 1484 931 1523 vocabulis
967 1487 1113 1522 mutato
1157 1482 1294 1523 ordine
1337 1483 1602 1534 inveniantur,

216 1544 475 1590 disseramus,
512 1543 681 1592 primum
710 1543 990 1582 occurrendum
1019 1547 1078 1583 est
1104 1542 1282 1592 opinioni
1309 1542 1483 1592 cuidam,
1526 1555 1604 1593 qua

214 1602 489 1642 transmutatio
507 1602 725 1641 litterarum
744 1614 802 1651 ea,
824 1615 941 1652 quam
960 1603 1079 1652 vulgo
1099 1613 1185 1641 esse
1204 1600 1410 1652 oredimus,
1439 1602 1603 1642 forsitan

214 1667 298 1702 tota
325 1663 408 1701 vita
434 1661 621 1712 privetur.
677 1662 832 1701 Dixerit
859 1662 964 1701 enirn
991 1661 1136 1711 aliquis
1153 1661 1319 1700 fortasse
1338 1674 1418 1701 non
1437 1662 1603 1702 alteram

216 1722 264 1761 de
294 1721 447 1760 duabus
480 1721 673 1760 eiusmodi
708 1721 844 1761 formis
879 1734 928 1761 ex
962 1722 1089 1761 altera
1123 1725 1248 1760 ortam
1283 1733 1389 1770 esse,
1429 1721 1501 1760 sed
1536 1721 1604 1761 ubi

213 1782 313 1821 illud
348 1781 546 1830 videatur,
589 1781 640 1820 ab
675 1780 787 1819 initio
824 1781 1022 1831 duplicem
1057 1780 1274 1820 litterarum
1302 1780 1602 1821 collocationem

215 1842 257 1880 in
292 1853 365 1880 usu
402 1841 534 1880 fuisse.
597 1840 775 1880 Similem
803 1845 909 1880 certe
934 1841 1128 1880 rationem
1155 1844 1311 1880 secutus
1339 1840 1605 1881 Buttmannus

216 1900 429 1940 ‘AusfiihrL
466 1900 656 1951 Sprachl!
693 1902 716 1948 ὅ
758 1902 803 1939 19
839 1900 933 1940 adn.
971 1904 993 1939 5
1035 1901 1076 1939 in
1125 1900 1357 1950 quibusdam
1398 1901 1606 1941 vocabulis

214 1960 386 2010 liquidas
414 1965 519 1999 certo
547 1972 617 1999 suo
646 1964 685 1999 et
712 1960 922 1999 constituto
958 1960 1044 1999 loco
1081 1960 1252 1999 caruisse
1288 1960 1508 2011 suspicatus
1543 1964 1603 2001 est

214 2020 404 2070 indeque,
443 2019 548 2069 quod.
583 2025 725 2070 poetae
760 2020 861 2058 alias
897 2023 1015 2068 atque
1050 2031 1168 2069 prosa
1203 2020 1326 2059 oratio
1361 2019 1506 2060 formas
1539 2020 1601 2066 (cf.

214 2081 319 2119 hom.
349 2079 518 2132 κραδίη,
547 2081 801 2129 τραπείομεν
830 2091 899 2129 pro
929 2078 1099 2129 καρδία,
1127 2082 1380 2128 ταρπείομεν
1410 2084 1498 2126 cet.)
1533 2080 1603 2120 ad-

302 2255 328 2295 G)
352 2254 413 2287 Hic
437 2253 567 2296 quidem
598 2252 685 2295 quod
715 2252 777 2286 sibi
808 2251 985 2295 proposuit
1016 2262 1083 2286 non
1115 2252 1244 2285 videtur
1277 2252 1522 2288 demonstrasse
1544 2253 1600 2292 (cf.

141 2321 145 2324 >
216 2305 308 2337 Curt.
333 2314 363 2344 p.
388 2307 437 2336 68.
459 2304 621 2336 Schleich.
647 2313 752 2344 comp.
776 2313 805 2343 p.
825 2305 898 2341 333)
922 2306 954 2334 et
976 2302 1009 2333 in
1032 2302 1168 2342 singulis
1192 2302 1388 2342 quibusdam
1410 2303 1517 2335 falsus
1539 2305 1599 2342 est,

214 2353 302 2385 velut
327 2362 402 2384 cum
423 2362 453 2392 p·
470 2356 506 2384 19
529 2352 675 2384 radicem
696 2362 779 2392 κεργ
801 2351 835 2382 in
858 2349 945 2391 ἔρδω
969 2354 1001 2382 et
1025 2350 1105 2391 ῥέζω
1128 2350 1335 2383 variatam
1357 2351 1500 2393 dieeret3
1524 2360 1600 2384 nam

214 2402 249 2436 in
269 2402 333 2436 hac
355 2401 469 2435 radice
490 2402 682 2436 metathesis
705 2411 772 2435 non
800 2401 842 2435 ad
872 2400 1139 2442 distinguendam
1167 2401 1334 2435 notionem
1363 2402 1511 2436 adhibita
1539 2403 1599 2442 est,

218 2453 305 2493 quod
326 2453 360 2485 in
384 2452 456 2485 aliis
479 2452 605 2484 factum
628 2462 700 2485 esse
723 2452 879 2492 deinceps
902 2451 1095 2483 videbimus.
