1808 2965
912 261 962 298 20

346 364 461 403 Nune
496 368 627 403 autem
666 362 935 404 accedendum
976 368 1036 403 est
1074 362 1127 402 ad
1168 362 1339 413 liquidas
1378 367 1417 403 et
1457 366 1628 416 nasales,

239 437 338 476 quas
369 424 536 475 primum
578 423 805 464 tractandas
846 424 942 463 mihi
977 424 1180 475 proposui,
1223 435 1345 474 quae,
1387 434 1474 463 eum
1501 434 1630 474 paene

239 484 408 525 eandem
434 484 477 523 in
504 484 715 524 metathesi
741 484 935 525 rationem
963 488 1189 533 sequantur,
1218 483 1454 524 coniunctim
1472 485 1630 524 tractari

239 548 277 584 et
306 544 452 584 debe‘nt
480 549 518 583 et
546 544 750 583 commode
777 548 953 594 possunt.

772 781 1002 831 CAPUT
1030 782 1097 830 ΙΙ.

543 885 614 923 DE
643 884 882 932 LIQUIDIS
911 886 980 924 ET
1013 884 1323 925 NASALIBUS.

238 979 288 1016 A.
318 978 383 1017 De
415 979 646 1029 liquidarum
683 985 722 1016 et
755 980 941 1017 nasalium
977 991 1060 1016 cum
1096 979 1289 1017 vocalibus
1324 979 1625 1022 commutatione,

619 1051 716 1090 quae
737 1038 796 1089 fit
821 1040 858 1076 in
886 1039 1020 1077 medicis·
1046 1037 1249 1076 vocabulis.

571 1132 605 1170 I.
634 1130 879 1181 Liquidae
906 1137 1295 1183 praeponuntur.

889 1238 979 1280 §3.

344 1317 441 1357 Cum
470 1318 511 1356 in
547 1321 568 1363 ξ
603 1321 618 1355 1
659 1317 712 1356 ad
753 1318 983 1358 metathesis
1024 1318 1217 1357 rationem
1245 1318 1560 1368 cognoscendam
1586 1318 1628 1357 id

239 1377 489 1430 potissimum
525 1389 624 1427 opus
660 1389 748 1417 esse
784 1377 1017 1428 viderimus,
1056 1381 1101 1431 ut
1134 1377 1281 1417 auxilio
1318 1378 1541 1428 linguarum
1553 1378 1629 1419 ‘oo-

237 1442 460 1488 gnatarum‚
491 1449 592 1486 quae
620 1437 786 1487 singulis
809 1439 1013 1478 vocabulis
1032 1438 1181 1478 formae
1200 1438 1409 1489 primariae
1428 1439 1628 1478 subiectae

236 1498 335 1547 sint,
378 1492 624 1546 exploretur,
666 1498 746 1536 iam
781 1498 823 1536 in
858 1498 932 1537 hoe
968 1510 1116 1547 genere
1143 1498 1311 1548 primum
1338 1497 1628 1548 respiciendum

240 1558 376 1597 estin
405 1556 629 1596 omnibus
656 1557 846 1607 linguis
874 1557 1251 1607 indogermanis
1286 1558 1344 1596 ab
1377 1559 1628 1608 antiquis-

239 1617 379 1656 simis
447 1616 763 1665 temporibus
828 1617 1054 1666 liquidas
1117 1617 1301 1655 vicinis
1363 1619 1627 1657 vocalibus

237 1674 486 1727 praeponi
513 1674 761 1725 potuisse,
791 1675 1049 1715 rarissime
1075 1679 1237 1715 autem
1265 1677 1472 1717 vocales
1500 1678 1629 1717 anti-

237 1736 409 1786 eipari.
467 1735 552 1774 Iam
580 1747 674 1774 vero
702 1736 954 1775 manifestum
983 1741 1060 1785 est,
1099 1736 1131 1775 si
1166 1736 1374 1785 aliquoties
1410 1737 1465 1780 in,
1488 1737 1627 1777 eodem

237 1795 431 1834 vocabulo
468 1795 689 1845 complures
723 1795 882 1845 linguas
909 1795 1116 1835 seiunctim
1143 1795 1393 1835 metathesim
1421 1796 1629 1837 admisisse

221 1855 461 1906 apparebit,
490 1867 570 1894 non
599 1866 755 1905 semper
774 1867 862 1895 eum
882 1855 1100 1895 litterarum
1121 1855 1310 1905 ordinem,
1338 1855 1380 1895 in
1400 1868 1475 1906 quo
1495 1856 1628 1907 plures
1692 1895 1695 1897 ,

237 1915 402 1964 linguae
429 1914 691 1962 consentiunt,
721 1927 790 1963 pro
819 1915 1018 1964 primitivo
1047 1926 1133 1954 esse
1161 1915 1400 1961 habendum,
1430 1916 1627 1965 quoniam,

238 1988 325 2015 eum
353 1975 394 2013 in
424 1973 604 2013 omnibus
633 1974 767 2014 formis
795 1974 972 2025 cognatis
999 1975 1230 2015 metathesis
1257 1975 1363 2015 faeta
1391 1975 1451 2024 sit,
1480 1976 1521 2015 in
1548 1988 1629 2015 una

237 2040 371 2074 tamen
408 2034 601 2084 pristinae
636 2034 874 2073 conditionis
923 2035 1130 2084 vestigium
1166 2035 1316 2074 servari
1360 2036 1497 2085 potuit.
1570 2037 1628 2075 Ae

235 2095 408 2134 maxime
450 2093 671 2134 cavendum
711 2098 790 2141 est,
837 2106 887 2134 ne
932 2093 1153 2134 inconsulto
1198 2094 1343 2134 formas
1389 2095 1628 2146 antiquiores

237 2155 398 2205 linguae
426 2155 641 2194 sanseritae
670 2154 900 2204 tribuamus,
931 2166 1031 2204 quae
1060 2159 1099 2194 et
1124 2154 1213 2205 ipsa
1236 2154 1473 2204 liquidarum
1492 2156 1629 2195 antici-

238 2216 438 2265 pationem
466 2215 649 2253 admittit.
704 2215 767 2253 Ab
795 2215 870 2253 hae
897 2218 1028 2253 autem
1048 2217 1161 2264 parte
1181 2214 1418 2255 Dietriehius
1436 2228 1627 2255 nonnum-

239 2287 358 2325 quam
401 2274 525 2315 falsus
572 2278 648 2323 est,
695 2274 760 2323 qui
790 2286 823 2313 e.
851 2287 888 2324 g.
917 2287 955 2324 p.
986 2276 1008 2313 8
1045 2274 1086 2312 in
1126 2286 1182 2324 gr.
1224 2277 1329 2324 τρέω
1376 2275 1475 2317 (rad.
1512 2279 1625 2326 τρεσ)

237 2335 455 2374 litterarum
485 2334 661 2373 ordinem
691 2338 901 2382 servatum,
931 2334 972 2372 in
1000 2334 1067 2372 lat.
1099 2339 1228 2371 terreo
1257 2334 1354 2379 (rad.
1376 2338 1470 2382 ter-s)
1499 2335 1626 2374 vocali

238 2393 469 2445 praeposita
495 2398 684 2433 mutatum
713 2405 801 2433 esse
830 2405 850 2433 e
879 2405 952 2432 ser.
983 2394 1144 2430 tras-ate·
1175 2394 1336 2445 colligit.
1393 2395 1444 2434 At
1471 2394 1624 2434 iniuria.

240 2453 337 2493 Cum
367 2454 484 2503 enim,
515 2466 614 2503 quae
641 2454 800 2504 neglegi
828 2466 907 2493 non
936 2453 1095 2504 debent,
1124 2466 1226 2505 pers.
1248 2461 1342 2506 tarn,
1373 2454 1485 2495 zend.
1506 2461 1622 2505 tar-ef,
