1808 2965
887 289 932 328 21

221 402 363 434 tara-ta
393 398 458 439 (=
484 406 557 434 scr.
589 391 720 430 tra-<fta¹
740 392 962 439 territus)
991 393 1059 433 vix
1086 405 1134 432 ex
1161 392 1295 443 indog.
1316 396 1429 431 *cras
1447 392 1605 443 prodire

220 455 419 508 potuerint
427 454 487 501 ²²),
514 452 680 491 formam
707 451 981 503 primigeniam
1009 455 1139 500 *tar-s,
1180 452 1461 504 graecoitalam
1497 456 1605 491 *ter-s

219 516 340 558 fuisse
378 512 631 555 statuendum
670 512 757 552 erit.
811 513 972 553 Maximi
1005 513 1123 563 igitur
1161 513 1348 553 momenti
1387 512 1430 552 in
1470 512 1605 553 formis

220 575 416 627 primariis
439 572 622 613 eruendis
642 573 714 612 erit
733 572 974 622 dignoscere,
996 585 1094 622 quas
1112 574 1223 621 leges
1242 572 1603 622 singulaelinguae

217 636 260 675 in
286 634 349 674 his
376 633 493 672 rebus
521 635 679 672 secutae
706 643 794 672 esse
819 632 1040 672 videantur.

322 694 379 732 Ae
397 691 575 742 primum,
605 696 647 731 ut
666 692 849 743 exempla
876 692 1178 742 liquidarum
1206 691 1599 741 anticipatarum

215 755 458 802 spectemus,
501 763 523 790 e
550 752 685 801 lingua
712 752 904 791 sansorita
938 751 1125 791 addenda
1160 754 1250 790 sunt
1285 750 1480 800 quaedam
1516 762 1602 790 ver-

216 811 357 851 borum
392 811 541 851 formae
576 811 685 851 velut
718 811 787 850 inf.
825 811 1057 859 drask-pum,
1094 811 1163 850 fut.
1200 809 1476 861 drale-skffimi,
1518 823 1599 850 aor.

216 871 485 910 a-dmilc-sham
512 883 537 910 a
563 870 646 909 rad.
675 871 786 920 dar-9,
822 871 1056 922 spraslz-‚tum
1097 875 1170 910 cet.
1206 883 1231 909 a
1258 870 1342 909 rad.
1381 877 1498 921 spat-gr
1533 870 1599 917 (al.

217 943 254 970 v.
273 930 386 982 Bopp
405 942 568 981 gramm.
589 941 736 969 sanscr.
765 933 786 975 ξ
807 932 856 969 34
866 943 897 979 0,
927 930 1079 980 Benfey
1098 930 1127 970 l.
1144 929 1170 967 l.
1191 941 1229 979 p.
1250 931 1329 976 28).
1383 929 1431 969 In
1458 929 1599 980 quibus

215 1004 303 1031 cum
330 990 372 1030 id
398 989 506 1029 haud
534 989 652 1029 dubie
679 1002 760 1028 non
787 990 885 1029 nihil
913 991 1084 1039 valeret,
1119 989 1224 1039 quod
1258 990 1429 1039 plurium
1463 1002 1600 1030 conso-

215 1062 354 1089 narum
382 1048 602 1088 coniunctio
631 1048 819 1088 evitanda
846 1052 943 1098 erat,
971 1049 1012 1087 in
1039 1049 1129 1088 aliis
1156 1048 1255 1087 haec
1278 1061 1398 1088 causa
1416 1049 1599 1096 nonfuit,

214 1114 257 1149 ut
283 1109 323 1148 in
362 1113 540 1146 vra-ta-nz
570 1120 595 1147 a
622 1107 706 1147 rad.
735 1121 806 1145 var
832 1108 1015 1158 vereri,
1057 1121 1094 1147 v.
1124 1107 1229 1147 Ourt.
1259 1111 1355 1158 536,
1392 1107 1549 1156 wuda-s
1576 1121 1600 1148 a

214 1169 298 1208 rad.
328 1167 421 1217 varq'
448 1168 500 1206 ib.
533 1170 625 1216 171,
658 1180 783 1218 comp.
814 1168 1039 1219 drdyhzssjans
1075 1167 1128 1207 ad
1156 1168 1328 1218 άῖνῃΙια-ῡ·
1355 1188 1405 1199 ==
1435 1167 1599 1217 ὁολιχός

214 1228 267 1267 ib.
300 1230 391 1276 181,
433 1226 598 1265 hri-lewa·
625 1247 676 1258 =
699 1226 852 1276 χαλκός
887 1227 939 1266 ib.
973 1230 1065 1277 182,
1107 1228 1279 1279 mrz'jatc
1313 1227 1545 1275 (moritur)
1574 1240 1599 1268 a

213 1287 297 1328 rad.
325 1300 410 1324 mar
437 1287 493 1332 (in
520 1286 613 1325 dial.
642 1287 731 1326 ved.
759 1288 925 1330 mar-ati,
955 1300 992 1326 v.
1020 1287 1130 1327 Fick.
1162 1290 1249 1332 148)
1278 1289 1330 1327 al.
1431 1282 1436 1288 ’

318 1347 456 1396 Neque
483 1346 524 1384 in
551 1346 687 1396 lingua
705 1346 909 1385 bactriana
928 1348 1112 1397 exempla
1138 1347 1353 1397 praepositi
1379 1360 1401 1383 r
1432 1346 1595 1397 desunt3

213 1406 458 1447 cf.brav-ara
484 1417 571 1445 eum
599 1405 767 1444 baourva
795 1406 974 1456 (cibus),
1002 1418 1075 1446 scr.
1104 1406 1233 1450 bharv,
1262 1419 1320 1457 gr.
1350 1409 1494 1459 φέρβω
1523 1411 1596 1447 cet.

213 1467 339 1510 (Fick.
372 1468 479 1514 136),
509 1466 616 1512 draj‚
646 1465 859 1503 drazlz-am·
883 1478 969 1505 cum
998 1466 1114 1518 darec
1141 1465 1288 1516 (figere)
1317 1487 1368 1499 ε-
1395 1480 1467 1507 scr.
1496 1468 1595 1506 dar-le

214 1530 264 1573 (v.
292 1527 343 1565 ib.
373 1527 485 1574 267),
515 1525 688 1575 trdfar'dz
715 1537 802 1564 cum
829 1525 914 1564 rad.
943 1532 1031 1576 carp
1059 1545 1111 1556 =-
1138 1527 1281 1566 satiare
1308 1526 1362 1576 (v.
1390 1527 1492 1566 infra
1520 1531 1540 1573 §
1570 1529 1594 1566 4

213 1600 252 1626 n.
282 1588 380 1635 22),
419 1585 504 1624 sim.
532 1607 584 1612 —-
610 1588 742 1624 tamen
781 1585 931 1624 rariora
976 1589 1085 1634 sunt,
1133 1585 1319 1634 quoniam
1365 1599 1426 1624 ar·
1470 1587 1594 1626 multo

214 1646 372 1695 saepius
397 1645 439 1682 in
467 1655 549 1680 are·
577 1644 641 1682 vel
670 1657 750 1681 ere·
777 1644 886 1683 abiit.

315 1704 426 1743 Inter
452 1702 608 1753 linguas
645 1715 862 1754 europaeas
899 1702 1284 1754 μεταθετικιύταται
1319 1708 1407 1744 sunt
1434 1704 1594 1755 linguae

212 1765 406 1815 slavicae,
434 1764 476 1802 in
504 1764 644 1813 quibus
671 1764 902 1813 saepissime
930 1764 1100 1813 liquidas
1128 1765 1372 1813 praepositas
1400 1764 1592 1813 videmus,

211 1824 279 1864 ubi
306 1823 590 1864 Germanorum
618 1826 656 1863 et
682 1823 883 1863 Lettorum
910 1823 1070 1874 linguae
1096 1823 1274 1874 proxime
1301 1827 1491 1874 cognatae
1517 1823 1594 1874 pri-

211 1885 356 1925 stinum
382 1884 600 1924 litterarum
628 1883 805 1924 ordinem
832 1884 1086 1923 retinuerunt.
1140 1884 1198 1923 Ac
1229 1883 1376 1923 dudum
1412 1884 1594 1924 observa-

212 1948 293 1983 tum
323 1948 381 1983 est
408 1945 458 1991 (v.
488 1943 715 1983 Schleicher
742 1943 1033 1982 ‘kirchenslaV.'
1061 1956 1098 1993 p.
1128 1945 1192 1988 67)
1226 1943 1309 1982 illio
1345 1943 1446 1982 hanc
1473 1947 1593 1983 meta-

211 2003 354 2044 thesim
381 2007 570 2053 sequente
597 2015 770 2043 consona
792 2015 921 2054 paene
939 2007 1183 2044 constantem
1203 2007 1240 2043 et
1258 2003 1473 2054 legitimam
1492 2015 1590 2043 esse.

212 2063 269 2103 Of.
299 2065 449 2103 sloven.
478 2063 593 2101 vlmmz
608 2086 656 2091 —
672 2064 809 2102 lituan.
833 2062 954 2100 vincas
977 2085 1022 2090 ——
1040 2067 1118 2113 got.
1147 2063 1265 2112 vulfs,
1296 2064 1444 2102 sloven.
1465 2066 1590 2100 zrano

210 2146 264 2151 —
280 2124 338 2163 lit.
367 2123 490 2161 z'z'rm's
508 2146 561 2151 —
578 2127 656 2174 got.
677 2123 785 2166 horn,
816 2123 915 2163 slov.
941 2121 1064 2173 ρῐτῖΙεᾶ
1084 2145 1134 2150 -
1148 2123 1204 2161 lit.
1229 2121 1367 2173 pullcas
1385 2144 1436 2150 ——
1455 2122 1590 2169 theod,

199 2183 302 2234 folo,
336 2184 433 2223 slov.
455 2195 577 2231 prascg
595 2183 721 2222 —lit.
744 2195 980 2230 parszas—
998 2181 1129 2222 theod.
1164 2182 1259 2219 varlz
1295 2184 1501 2232 (porcus)
1536 2183 1592 2222 al.

211 2244 296 2282 Iam
329 2242 462 2292 vides,
506 2242 539 2281 si
576 2242 793 2292 quaeritur,
836 2246 962 2281 utrum
997 2241 1038 2280 in
1067 2253 1207 2291 graeco
1235 2241 1367 2291 aliquo
1396 2242 1591 2282 vocabulo

295 2392 333 2431 22)
356 2390 490 2423 Nullum
512 2391 598 2423 enim
627 2391 810 2431 exemplum
838 2390 981 2432 reperire
1014 2389 1124 2431 potui,
1160 2390 1217 2422 ubi
1249 2390 1283 2436 in
1314 2391 1428 2433 lingua
1460 2392 1588 2433 persica

210 2441 333 2474 vocalis
354 2439 497 2482 liquidae
518 2440 690 2472 metathesi
712 2439 900 2481 praeposita
930 2439 1109 2480 videretur3
1140 2439 1232 2473 zend.
1264 2451 1351 2473 -are-
1381 2450 1509 2482 semper
1538 2446 1590 2475 est

211 2499 271 2531 pro
294 2501 371 2523 -ar‘-.
