1808 2965
850 279 900 317 27

138 400 143 406 ·
182 384 375 434 Πρίαμος
405 405 455 411 -—
482 384 537 422 ita
578 381 745 430 scilicet,
791 386 833 421 ut
876 383 1044 433 primum
1081 396 1099 421 ε
1136 385 1229 421 ante
1264 396 1287 431 ρ
1323 385 1563 431 nasceretur,

183 441 327 483 deinde
347 458 362 482 ι
380 443 441 493 (j)
460 442 636 481 interiret
652 463 705 469 —
723 440 807 481 fieri
833 441 1018 492 potuisse,
1047 445 1086 481 et
1113 440 1291 491 quamvis
1318 441 1386 480 lat.
1414 441 1561 484 tertius,

182 508 254 542 scr.
290 501 423 553 misas
462 502 544 541 bor.
583 501 686 539 tir-tis
727 512 776 541 ex
811 500 942 552 indog.
985 502 1109 539 *trita
1149 511 1313 540 manare
1354 500 1563 553 potuerint,

181 566 315 602 tamen
342 574 422 600 una
448 561 573 601 forma
602 561 778 611 dialecti,
808 573 908 611 quae
935 561 1023 600 Pali
1050 565 1230 607 vocatur,
1258 561 1379 600 aliam
1407 561 1565 604 videtur

184 622 292 662 viam
317 622 599 668 monstrarem).
655 621 715 660 lbi
754 621 858 661 enim
899 625 958 661 est
998 621 1126 672 carisa·
1160 621 1304 670 forma,
1346 622 1562 661 secundum

181 682 292 731 leges
318 682 425 721 illius
454 682 611 722 dialecti
638 681 745 720 haud
763 681 882 720 dubie
900 693 951 720 ex
968 679 1137 732 *coraja
1158 685 1263 729 nata,
1285 693 1322 719 v.
1342 681 1560 733 Benfeyum

182 738 259 780 ‘Or.
288 753 324 779 u.
354 739 454 781 Occ.'
481 742 507 781 l.
536 742 561 781 l.
590 754 627 792 p.
657 743 706 780 34
734 744 813 780 not.
883 741 967 780 Iam
1008 753 1093 780 cum
1139 752 1322 780 numerus
1367 742 1562 781 ternarius

181 799 331 850 (indog.
359 804 404 841 st.
435 803 516 844 trel)
544 801 597 841 ad
624 801 883 850 antiquiorem
911 801 1074 840 formam
1108 799 1232 838 *tari-
1266 800 1394 840 redire
1430 801 1562 841 videa-

180 863 244 898 tur
272 864 322 906 (ν.
351 861 477 912 Bopp.
505 862 531 900 l.
559 861 586 899 l.
621 861 682 899 11³
710 862 758 899 67
787 860 954 910 sqq.)³³),
1001 861 1178 900 conicere
1222 861 1315 900 licet
1359 873 1562 901 numerum

182 919 400 960 ordinalem
435 920 715 970 antiquissimis
750 920 991 970 temporibus
1027 921 1206 957 *tari-ta-
1240 919 1419 969 audisse,
1461 921 1563 960 hanc

180 983 312 1019 autem
347 980 511 1020 formam
537 1002 590 1008 ——
616 992 703 1019 cum
737 979 779 1018 in
810 992 972 1020 numero
1000 979 1193 1019 cardinali
1219 980 1299 1018 iam
1326 985 1419 1020 ante
1447 981 1564 1020 Indo-

181 1051 457 1090 germanorum
498 1040 712 1079 discessum
752 1051 926 1090 syncope
966 1039 1071 1079 facta
1106 1043 1210 1079 esset
1237 1059 1290 1067 —
1315 1041 1357 1078 in
1388 1041 1564 1091 singulas

181 1099 337 1150 linguas
364 1099 578 1139 transiisse.
633 1098 748 1147 Quod
775 1099 809 1139 si
836 1103 941 1139 recte
969 1100 1186 1139 coniectum
1214 1104 1284 1148 est,
1315 1099 1503 1151 deinceps
1524 1101 1565 1139 in

181 1159 271 1199 aliis
312 1160 343 1209 ί,
388 1159 430 1197 in
470 1159 559 1198 aliis
595 1172 617 1196 a
652 1159 802 1199 vocalis
847 1171 1021 1210 syncope
1067 1159 1232 1199 delituit.
1287 1160 1344 1198 Ac
1389 1160 1567 1199 similiter

182 1218 432 1259 statuendum
460 1222 563 1259 esset
591 1220 659 1258 lat.
688 1224 749 1256 ter·
777 1231 855 1259 non
888 1231 937 1259 ex
971 1217 1077 1257 *tris
1103 1239 1154 1250 =
1181 1232 1252 1259 scr.
1283 1220 1355 1257 tris
1388 1232 1446 1270 gr.
1475 1222 1565 1271 τρίς

182 1282 310 1318 ortum
339 1290 437 1328 esse,
468 1279 539 1319 sed
559 1291 638 1318 una
656 1291 744 1318 cum
764 1279 843 1319 illis
861 1279 914 1319 ad
932 1279 1066 1329 indog.
1086 1278 1110 1303 *
1120 1281 1215 1317 caris
1233 1279 1374 1319 redire.
1410 1281 1564 1319 Tamen

181 1339 264 1378 iure
304 1339 468 1378 fortasse
504 1338 763 1388 dubitaveris,
805 1352 898 1378 num
927 1352 948 1376 a
976 1340 1144 1388 vocalis,
1188 1350 1288 1390 quae
1323 1340 1364 1378 in
1401 1351 1563 1379 numero

182 1398 373 1438 cardinali
411 1398 558 1437 dudum
593 1398 825 1449 evanuerat,
865 1398 1016 1438 tamdiu
1043 1399 1084 1438 in
1112 1399 1277 1449 singulis
1306 1399 1451 1449 linguis
1479 1411 1565 1450 per-

181 1458 387 1506 manserit,
429 1463 471 1497 ut
496 1459 589 1498 inde
617 1460 773 1498 illarum
801 1459 1013 1498 formarum
1042 1459 1307 1508 discrepantia
1334 1459 1561 1509 explicetur.

182 1517 312 1566 Quare
330 1522 412 1557 tota
430 1529 493 1558 res
511 1518 552 1557 in
570 1518 700 1557 medio
719 1518 979 1569 relinquenda
997 1517 1152 1557 videtur
1171 1530 1269 1558 esse.
1310 1518 1564 1559 Recentiores

181 1589 273 1617 vero
302 1577 461 1618 dialecti
489 1578 594 1617 haud
631 1578 748 1618 dubie
785 1578 827 1618 in
865 1579 939 1618 hoc
974 1579 1061 1629 ipso
1096 1591 1257 1618 numero
1293 1577 1462 1617 ordinali
1498 1591 1564 1617 vo-

181 1638 308 1678 calem
349 1638 603 1688 anticipatam
646 1638 857 1688 praebent,
903 1638 1233 1688 quemadmodum
1278 1639 1384 1688 angl.
1430 1638 1562 1689 thirty,

180 1698 286 1748 belg.
315 1698 431 1736 der-de
460 1698 579 1747 (quod
598 1698 691 1737 Ahr.
711 1711 749 1748 p.
771 1700 819 1737 79
848 1698 901 1738 ad
928 1699 1028 1738 aeol.
1057 1702 1200 1749 τέρτος
1228 1702 1444 1749 comparat)
1478 1710 1565 1737 cum

181 1758 280 1807 agls.
310 1757 470 1807 mrim),
501 1770 637 1797 saxon.
666 1763 744 1797 vet.
765 1757 921 1796 chr-idda
940 1763 990 1805 (v.
1013 1758 1194 1797 Diefenb.
1215 1758 1240 1795 l.
1261 1758 1302 1802 l.)
1322 1757 1565 1797 conferenda

181 1820 282 1856 sunt.
337 1816 492 1856 Similia
518 1817 711 1867 quaedam
740 1817 916 1857 eiusdem
943 1817 1099 1868 generis
1123 1818 1306 1868 exempla
1333 1830 1354 1857 e
1384 1817 1564 1857 dialectis

181 1876 396 1916 theodiscis
423 1876 537 1916 affert
565 1877 762 1917 Woestius
790 1877 871 1916 KZ.
901 1878 967 1927 IV,
1001 1880 1072 1917 137
1104 1889 1186 1927 sqq.

267 1990 307 2029 32)
329 1989 532 2023 Monendum
565 1993 615 2023 est
648 1989 824 2023 dialectum
857 1990 1005 2023 Palicam
1037 2000 1104 2024 non
1126 2000 1143 2023 e
1164 1990 1275 2032 lingua
1306 1999 1431 2023 sanser.
1459 1994 1564 2023 ortam

182 2049 264 2079 esse,
288 2040 346 2073 sed
367 2050 434 2072 una
458 2051 532 2073 cum
553 2050 592 2072 ea
613 2040 657 2073 ad
679 2040 817 2073 eundem
838 2040 964 2073 fontem
985 2040 1102 2073 redire.

266 2089 306 2128 ³³)
329 2089 430 2121 Cuius
451 2089 576 2122 formae
599 2099 673 2121 eum
695 2089 822 2121 nullum
843 2089 1016 2131 vestigium
1038 2090 1191 2131 supersit,
1215 2098 1253 2121 eo
1276 2092 1384 2121 autem
1406 2093 1563 2129 tempore,

181 2148 246 2180 quo
277 2138 420 2180 primum
452 2149 540 2171 num.
574 2138 643 2171 ord.
676 2138 838 2172 formatus
870 2138 1029 2178 videatur,
1063 2139 1169 2172 *tari-
1190 2138 1255 2170 iam
1287 2138 1321 2170 in
1351 2139 1409 2171 tri·
1431 2147 1564 2170 versum

180 2187 284 2221 fuisse
308 2188 502 2221 sumendum
524 2188 583 2227 sit,
606 2188 771 2230 Benfeyus
793 2192 904 2221 tamen
927 2189 1051 2231 tri-tja-
1072 2189 1175 2221 solam
1195 2187 1336 2220 formam
1358 2187 1467 2229 indog.
1491 2197 1565 2220 esse

180 2238 260 2270 vult.
297 2237 362 2270 Sed
373 2238 485 2270 nescio
498 2247 541 2269 an
555 2238 691 2279 vestigia
702 2237 948 2278 antiquissimae
959 2238 1085 2270 formae
1100 2237 1134 2269 in
1159 2236 1278 2278 linguis
1302 2236 1426 2269 celticis
1444 2246 1565 2278 agnos-

182 2286 287 2320 cenda
308 2285 383 2327 sint,
407 2286 448 2319 cf.
470 2287 598 2329 gadhel.
622 2290 684 2320 vet.
708 2291 802 2321 teora
823 2287 864 2320 al.
885 2296 937 2329 ap.
961 2285 1111 2319 Diefenb.
1134 2286 1175 2325 ΙΙ,
1199 2288 1270 2325 717,
1294 2295 1493 2328 quamquam
1524 2287 1564 2320 de

180 2337 232 2370 his
254 2336 336 2369 nihil
357 2335 496 2369 affirmo.
552 2337 603 2370 De
624 2342 772 2379 tempore
794 2342 919 2377 autem,
953 2346 1017 2378 quo
1041 2346 1127 2368 num.
1151 2336 1255 2368 ordin.
1279 2340 1371 2369 ortus
1394 2336 1447 2376 sit,
1484 2337 1565 2370 nihil

183 2386 315 2419 scimus.
353 2385 504 2427 Denique
522 2386 617 2419 Benf.
642 2387 769 2428 cogitur
789 2387 856 2428 pal.
880 2386 993 2428 ta-tzja
1017 2395 1034 2418 e
1064 2386 1213 2428 *tri-tzja
1236 2395 1296 2427 per
1317 2385 1441 2419 formas
1463 2386 1564 2419 inter-

182 2435 306 2469 medias
330 2436 479 2478 *tirtija-
502 2436 647 2478 *tartija
676 2436 813 2476 ducere,
845 2435 932 2478 quod
954 2434 1115 2468 similibus
1138 2435 1295 2477 exemplis
1317 2435 1444 2468 firmari
1464 2445 1564 2477 posse

182 2485 253 2527 ipse
275 2486 441 2528 desperat.
